3208 5090
656 326 874 391 ..79-

194 485 404 569 Residuus,
426 486 520 570 quasi
543 485 665 550 tardus.

193 574 373 658 Raptam,
396 575 583 658 frequenter
605 573 687 656 rapi.

192 662 349 728 Romam
378 686 422 727 ex
449 662 634 746 aquilone
662 661 779 726 Raeti
809 662 1026 746 attingunt,
1053 661 1106 726 uel
1134 663 1341 728 conlimitant

149 795 152 800 »
203 781 206 790 ·
237 752 290 817 uel
314 751 434 816 finibus
459 772 493 814 se
518 751 585 815 eius
610 750 799 834 adiungunt.

167 839 349 924 ⁵Rubigo
374 863 393 904 a
415 839 556 903 rodendo
579 839 706 904 dicitur.

72 1011 76 1017 Δ
191 928 421 1012 Resultant‚
443 928 604 993 resiliunt.

192 1016 391 1102 †Regulas
427 1022 692 1100 proponentes
731 1039 773 1081 ao
818 1018 969 1100 magiae
1005 1018 1162 1102 retecti,
1199 1020 1340 1103 regulas,

165 1119 169 1126 '
237 1107 400 1170 doctrinas
423 1105 477 1170 uel
500 1105 690 1190 disciplinas
714 1125 885 1189 magorum
908 1107 1036 1171 ostendi
1058 1107 1139 1172 uult.

192 1193 413 1259 Redunoum
444 1216 593 1278 nasum,
625 1195 811 1260 subrectum
839 1217 967 1260 sursum
999 1217 1129 1260 uersum
1161 1200 1340 1280 curuatum,

153 1301 179 1339 1⁰
238 1284 289 1347 cui
312 1283 510 1349 contrarium
534 1287 584 1348 est
607 1283 814 1367 obuncum,
837 1283 987 1350 deorsum
1009 1306 1141 1349 uersum
1160 1289 1339 1350 curuatum.

191 1372 406 1456 Reduuius‚
429 1372 571 1438 exuuias.
721 1379 737 1445 ,’

192 1461 405 1545 Redimiae,
423 1483 475 1525 res
499 1483 580 1546 quae
603 1462 805 1527 redimuntur
829 1485 848 1526 a
870 1461 1094 1546 praedonibus.

191 1549 372 1634 Riuales,
397 1551 452 1634 qui
475 1549 513 1614 de
536 1571 600 1616 uno
625 1572 734 1617 amore
758 1551 934 1615 discedunt.

192 1639 404 1704 Renidenti
426 1639 550 1724 uultu,
574 1639 736 1704 interdum
760 1640 846 1704 laeto
870 1642 903 1703 et
925 1639 1034 1723 hilari,
1057 1638 1219 1704 interdurn
1234 1641 1337 1724 splen·
1381 1705 1388 1716 ,

152 1749 177 1789 16
235 1727 334 1792 denti.
372 1728 452 1792 item
475 1727 618 1812 florenti,
642 1728 670 1793 si
693 1729 838 1792 dicamus
862 1727 963 1794 ‘terra
984 1727 1166 1793 renidenti'.

191 1815 412 1901 Referbuit,
434 1817 554 1880 iterum
576 1817 722 1882 recaluit.
774 1841 780 1848 ·

557 2065 685 2134 Glossac
703 2087 761 2150 per
783 2065 810 2134 S
830 2067 972 2132 litteram.

191 2206 393 2274 Scamnum
418 2208 575 2273 deminuit
605 2207 799 2274 ‘scabillum'
823 2231 890 2273 non
913 2207 1123 2293 ‘scabellum',
1151 2211 1188 2274 ut
1210 2206 1338 2275 Cicero:

236 2297 386 2363 ‘scabilla
409 2297 625 2380 concrepant'.

150 2408 176 2446 ao
191 2385 465 2472 Sublinguium
481 2387 654 2451 sonitum
668 2387 808 2470 pessime
822 2386 945 2452 dicium
960 2390 1019 2451 est.
1047 2390 1096 2450 est
1110 2390 1219 2451 tamen
1230 2410 1337 2473 sonae,

156 2548 157 2553 η
235 2476 291 2559 qui
313 2476 373 2540 sub
401 2475 515 2560 lingua
543 2480 638 2540 sonat
667 2476 760 2561 quasi
782 2498 849 2540 non
871 2479 978 2541 rectus
1002 2478 1058 2540 aut
1081 2476 1185 2540 bonus
1210 2477 1336 2540 sonitus

234 2567 291 2628 aut
315 2565 530 2630 submurmur.

190 2650 386 2738 Subleuit,
403 2654 593 2738 subiunxit,
617 2676 636 2717 a
659 2653 812 2718 liniendo.

189 2739 437 2806 Salsamenta
459 2743 535 2806 sunt
558 2762 669 2806 omnes
693 2764 744 2805 res
764 2743 883 2828 salsae,
905 2747 942 2807 ut
964 2743 1070 2826 pisces
1095 2746 1127 2808 et
1151 2744 1273 2809 sardae.

260 3029 275 3077 2
294 3023 546 3094 Raptor—rapiar
564 3022 590 3076 G
715 3029 731 3076 3
755 3022 838 3078 Raeti
856 3024 982 3092 Ketion,
1002 3024 1146 3094 attingunt
1163 3039 1225 3093 ace,
1248 3024 1337 3078 retiae

188 3094 331 3165 stringunt
355 3095 384 3147 P
507 3101 523 3148 5
546 3093 656 3165 robigo!
669 3093 695 3147 G
710 3097 714 3161 Ι
731 3094 833 3149 dicitur
860 3095 889 3149 id
913 3098 956 3150 est
978 3095 1080 3149 uitium
1102 3099 1229 3167 segetum
1257 3095 1283 3148 G
1370 3109 1374 3118 ·

189 3172 204 3220 ‘l
223 3167 346 3236 Regulas
364 3165 405 3220 R:
424 3166 548 3236 Regulus
566 3165 608 3232 H,
626 3165 745 3220 Relucas
768 3167 794 3219 G
809 3177 813 3232 1
829 3168 1032 3236 praeponentes
1052 3167 1078 3221 G
1093 3169 1097 3235 Ι
1114 3184 1147 3221 ac
1165 3167 1204 3222 R:
1229 3166 1283 3220 hac
1302 3165 1335 3234 G,

187 3253 237 3291 om.
257 3238 291 3290 H
303 3239 307 3306 Ι
323 3237 434 3308 magiae
447 3237 548 3292 retecti
563 3237 601 3290 P:
620 3236 710 3306 magis
725 3237 823 3292 ceteris
837 3237 884 3291 hic
901 3255 937 3306 op
956 3237 1146 3314 magisceretis
1164 3238 1210 3292 hic
1228 3255 1254 3291 m
1273 3239 1333 3305 (aab

188 3325 215 3363 a.
235 3309 335 3364 retecti
353 3310 436 3362 latere
450 3309 561 3363 uidear
574 3308 688 3378 retegit)
704 3307 709 3377 Ι
725 3308 851 3378 eregulas
871 3308 905 3362 H
964 3316 979 3363 9
999 3326 1098 3364 nasum
1117 3327 1156 3364 rw
1175 3325 1257 3364 cora:
1276 3307 1337 3363 nesi

187 3397 216 3448 o,
235 3381 353 3449 nasim,
377 3377 459 3450 quasi
482 3379 551 3463 (qui)
579 3380 607 3432 P
731 3380 828 3435 locui
848 3411 879 3420 -
900 3382 1045 3435 curuatum
1069 3380 1139 3436 HG:
1163 3398 1213 3436 om.
1235 3379 1283 3435 ΟΕ

189 3457 220 3504 11
241 3452 383 3506 Redubius
401 3469 426 3521 v,
445 3451 598 3506 Rediuiuus
618 3450 665 3519 ΡΙ
681 3450 832 3505 exubiuso
925 3458 957 3506 12
977 3451 1161 3508 Redimiteo
1249 3458 1281 3506 13
1301 3451 1337 3506 de

191 3521 223 3574 0:
243 3523 322 3590 quasi
341 3523 376 3577 de
396 3543 417 3576 ω
434 3526 438 3592 Ι
454 3523 601 3578 discedunt
618 3539 647 3576 o:
672 3521 882 3578 descenduntur
962 3529 995 3578 16
1013 3520 1160 3578 Relerbuit
1178 3541 1194 3576 r
1214 3523 1335 3591 Papiae:

189 3591 335 3648 Referuuit
352 3610 376 3660 v,
395 3594 521 3649 Referuit
540 3595 593 3647 Pm
667 3597 699 3647 18
719 3593 951 3649 diminutiuume
1024 3601 1058 3648 20
1079 3593 1274 3662 sublinguium
1294 3593 1335 3648 G:

190 3661 385 3732 Sublinginum'
412 3665 461 3733 ΡΙ
482 3665 601 3735 pessim'e
628 3681 676 3732 op:
704 3665 855 3733 pessimum
884 3685 905 3718 ω
922 3667 926 3734 l
943 3666 986 3718 est
1012 3667 1108 3719 tamen
1135 3681 1218 3720 sonus
1243 3664 1281 3718 G:
1307 3665 1336 3718 et

188 3735 334 3787 transonas
354 3736 528 3800 (transonans
546 3735 584 3803 R)
604 3736 633 3788 P

262 3881 274 3928 1
295 3874 431 3945 residuus]
456 3875 529 3930 Fert.
550 3879 654 3943 281,18.
675 3876 710 3943 cf.
728 3878 832 3932 resides
851 3895 894 3947 ap.
916 3876 995 3932 Sera.
1014 3879 1082 3933 Aea.
1105 3885 1190 3946 1322.
1211 3886 1297 3947 6,814.

188 3952 204 4000 2
224 3946 342 4016 raptari]
361 3946 396 4012 cf.
415 3947 510 4014 raptas
529 3963 574 4014 ap.
596 3946 692 4000 Placet.
712 3948 776 4002 Aac.
797 3954 876 4016 4‚4,s.
975 3950 1121 4022 ambigo]
1144 3950 1239 4007 Placet.
1258 3951 1333 4005 Rae.

189 4024 285 4086 5,2,13.
316 4018 387 4071 Isid.
418 4022 531 4086 1e‚a1,o.
569 4016 680 4087 Rubigo
715 4021 758 4072 est
788 4018 890 4072 uitium
915 4020 1015 4074 rodens
1039 4021 1143 4076 ferrum
1167 4022 1260 4092 ipsum
1287 4023 1333 4076 uel

188 4090 311 4158 segetes,
330 4087 410 4157 quasi
428 4087 540 4158 rodigo,
558 4090 668 4142 mutata
686 4105 742 4142 uua
760 4088 850 4144 litera.
950 4099 965 4145 6
984 4092 1133 4162 resultant]
1154 4093 1227 4147 Fert.
1250 4092 1333 4146 Paul.

188 4165 275 4228 281),8.
299 4159 453 4227 Resultare‚
473 4175 556 4228 saepe
570 4158 684 4213 resilire.
758 4166 773 4214 9
792 4161 945 4215 reduucum
963 4164 1075 4233 nasum]
1094 4165 1174 4233 ploos.
1188 4165 1265 4218 crab.
1286 4166 1332 4218 lot.

187 4232 335 4286 Reduneus
349 4247 440 4296 nasus,
456 4230 608 4295 subrectus,
628 4248 736 4284 sursum
750 4248 853 4287 uersus.
929 4240 960 4287 11
979 4235 1123 4305 reduuius]
1139 4235 1174 4301 cf.
1189 4235 1333 4288 Reduuiae

183 4319 214 4370 p.
230 4308 271 4358 78.
360 4308 391 4355 12
411 4300 555 4370 redimiae]
574 4303 652 4369 gloss.
674 4301 786 4357 Philon.
805 4304 963 4369 Remmius,
981 4300 1076 4373 λύτρα.
1164 4312 1195 4359 13
1216 4305 1331 4377 riuales]

190 4373 283 4428 Placet.
317 4373 401 4428 Stich.
434 4377 531 4440 3‚1‚30.
564 4377 660 4442 t‚4,47.
703 4373 777 4429 Noa.
810 4381 897 4444 32‚22.
934 4377 1038 4431 Donat.
1071 4377 1148 4432 Eua.
1181 4382 1278 4445 5,8,42.

189 4450 221 4500 18
241 4444 396 4515 scamnum]
418 4443 472 4499 (lic.
488 4459 541 4513 pro
562 4443 632 4498 Cael·
651 4450 694 4498 27.
