3208 5090
706 305 901 366 ,7,

225 460 282 526 Ad
306 463 648 545 manticulandum,
672 463 711 526 ad
734 463 843 526 dolum
869 466 900 526 et
924 461 1077 544 strophas
1101 462 1344 545 excogitandae.
1446 520 1455 534 ,

225 551 283 615 Ad
306 552 481 634 incitam,
505 553 545 616 ad
569 556 747 616 extremam
771 551 945 615 fortunam.

226 639 447 724 Adbiteret,
472 641 649 705 adueniret.

226 727 386 812 Adoria,
410 730 517 814 gloria
538 728 591 792 uel
615 730 701 792 bona
724 728 820 792 fama.

199 816 392 901 ⁵Adorea,
415 819 535 900 farrea,
559 821 595 882 ut
619 817 702 900 apud
726 816 912 900 Virgilium.

227 905 393 990 Angrae,
417 906 593 970 interualla
616 928 775 970 aruorum.

226 995 382 1077 Antica,
407 1018 489 1080 quae
513 999 588 1059 ante
612 995 646 1058 in
670 995 815 1078 auguriis
840 998 926 1058 sunt.

227 1083 456 1167 Antiquare,
481 1084 520 1147 ad
544 1087 666 1148 statum
689 1102 852 1147 revocare.

226 1171 447 1256 Armillum,
471 1196 529 1237 uas
553 1173 724 1236 uinarium.
770 1173 852 1236 unde
877 1171 969 1236 ‘anus
994 1172 1033 1236 ad
1058 1170 1244 1235 armillum’.

190 1282 215 1319 ιο
231 1261 437 1344 Antigerio
461 1261 513 1326 uel
537 1262 709 1325 admodum
732 1260 785 1325 uel
809 1261 967 1344 inprimis.

229 1350 479 1433 AequabileS,
499 1351 660 1434 aequales,

229 1438 376 1522 Alitos,
398 1440 549 1504 nutritos.

226 1526 440 1612 Alimones,
464 1528 505 1592 ab
530 1528 693 1592 alimento.

297 1832 309 1877 1
330 1826 557 1880 maniculandum
577 1827 603 1880 G
622 1828 627 1891 1
647 1825 778 1896 scrophas
798 1825 821 1878 0
844 1825 848 1892 Ι
874 1823 1071 1893 excogitandas
1092 1825 1129 1878 G:
1155 1825 1372 1893 excogitandum

226 1897 254 1949 P
348 1897 560 1950 arsinoitem
581 1897 623 1950 H:
659 1897 811 1950 Adinatam
836 1895 868 1961 0,
892 1895 936 1948 Ad
961 1895 1068 1948 irratam
1092 1895 1133 1962 R,
1158 1895 1202 1948 Ad
1225 1895 1371 1949 incitatam

224 1968 310 2022 Glosa
330 1970 458 2036 Amplon.
532 1975 548 2021 3
568 1968 714 2022 Adbiteret
729 1968 768 2020 P:
787 1966 934 2020 Adniterct
947 1967 963 2018 b
982 1965 1101 2033 benpra
1115 1985 1133 2019 u
1147 1982 1208 2032 scr,
1223 1965 1373 2020 Adniteret

223 2055 269 2104 on,
300 2039 502 2107 Aduerteretp
588 2039 728 2093 4Adoria
746 2038 838 2092 Hva
858 2038 980 2108 Papias:
1006 2036 1116 2091 Adorea
1135 2036 1183 2090 Cos
1261 2037 1374 2091 biarra

223 2111 289 2164 libri
360 2112 485 2179 ssAngre
504 2111 574 2164 HG:
593 2111 704 2178 Augure
723 2111 773 2177 (uel
787 2111 907 2178 Angere)
933 2107 961 2174 0,
981 2107 1090 2162 Ancrae
1109 2107 1136 2162 R
1153 2111 1156 2176 ]
1173 2124 1304 2161 aruorum
1322 2126 1372 2162 nos

221 2182 255 2247 cf.
274 2182 382 2234 Ancras
392 2199 423 2249 p.
440 2188 468 2236 9:
495 2182 626 2235 arborum
641 2183 707 2235 libri
780 2186 794 2234 7
814 2179 915 2234 Antioa
933 2181 1047 2247 scripsi:
1066 2179 1221 2249 antiquare
1240 2180 1325 2246 libri]
1343 2181 1373 2233 in

221 2251 345 2321 auguriis
367 2269 429 2306 noe:
453 2252 483 2307 in
507 2269 626 2320 augures
651 2252 715 2317 UH,
742 2251 891 2320 inaugures
915 2250 951 2318 R,
969 2250 1029 2304 inte
1053 2267 1169 2318 augeres
1189 2250 1215 2303 G
1286 2256 1302 2305 8
1322 2250 1394 2304 alii'

221 2323 369 2391 antiquare
388 2323 454 2377 libri
528 2330 560 2376 10
580 2324 730 2377 admodum
744 2323 842 2375 Klotz:
863 2321 1096 2389 quemadmodum
1112 2322 1177 2375 libri
1200 2381 1217 2406 0

293 2454 306 2498 1
327 2446 363 2500 ad
382 2447 635 2516 manticulandum]
651 2446 726 2498 Fert.
747 2451 851 2510 133,18.
880 2444 1098 2498 Manticularum
1117 2462 1181 2499 usus
1200 2444 1370 2514 pauperibus

219 2517 248 2570 in
262 2517 383 2571 nummis
393 2518 576 2572 recondendis
591 2519 677 2571 etiam
691 2517 787 2571 nostro
802 2515 913 2570 saeculo
927 2515 989 2569 luit.
1015 2516 1089 2569 unde
1103 2514 1282 2570 manticulari
1295 2515 1370 2570 dice-

221 2587 336 2654 bantur,
360 2589 409 2656 qui
431 2588 544 2642 furandi
567 2587 658 2657 gratia
681 2585 848 2640 manticulas
872 2587 1069 2640 attrectabant.
1106 2587 1171 2640 inde
1194 2592 1295 2656 poetae
1319 2603 1370 2655 pro

221 2659 316 2713 dolose
336 2659 403 2726 quid
422 2659 530 2728 agendo
550 2660 592 2712 usi
613 2661 677 2712 sunt
701 2675 734 2713 eo
754 2659 848 2712 uerbo.
885 2657 1035 2711 Pacuuius:
1063 2656 1110 2710 ‘ad
1128 2656 1370 2712 manticulandum

220 2732 283 2782 astu
306 2729 476 2798 aggreditur.
513 2730 565 2784 scit
588 2730 663 2784 enim
687 2729 754 2797 quid
776 2726 982 2797 promeruerit'.
1091 2733 1119 2780 2'
1132 2729 1168 2782 ad
1187 2728 1314 2799 incitam]
1335 2730 1370 2795 cf.

219 2800 263 2852 Ad
281 2799 383 2853 incitas
399 2817 427 2867 p.
441 2807 473 2853 10
582 2807 597 2853 3
622 2799 773 2870 adbiterst]
797 2799 831 2864 cf.
858 2799 952 2852 Plaat.
978 2798 1055 2866 Gapt.
1076 2805 1171 2865 3,4,72.
1191 2799 1300 2853 adbites

220 2875 236 2922 4
259 2869 368 2939 adoria]
392 2869 466 2925 Fert.
496 2870 579 2924 Paul.
596 2876 667 2934 3,12.
704 2867 838 2923 Adoriam
862 2868 975 2922 laudem
998 2868 1056 2922 siue
1080 2868 1199 2936 gloriam
1223 2868 1365 2938 dicebant,

219 2941 286 3008 quia
304 2939 455 3009 gloriosum
481 2957 544 2994 eum
567 2942 707 3008 putabant
726 2955 798 3007 esse,
822 2939 870 3008 qui
888 2939 969 2992 farris
989 2939 1071 3009 copia
1089 2938 1252 2992 abundaret.
1291 2939 1369 2995 Seru.

219 3013 287 3065 Aen.
317 3017 421 3077 marr.
454 3009 563 3066 ‘Adoria
589 3011 650 3064 laus
677 3010 793 3077 bellica,
818 3010 893 3078 quod
918 3026 1012 3064 omnes
1038 3026 1101 3062 cum
1130 3008 1371 3078 congratulatione

218 3082 434 3150 alloquebantur
463 3099 539 3148 eum,
568 3081 617 3149 qui
644 3081 673 3135 in
704 3081 778 3135 bello
803 3081 912 3135 fortiter
935 3080 1009 3134 feeit.
1036 3082 1115 3148 ploss.
1139 3080 1225 3134 Lato.
1256 3080 1370 3147 Adoria,
1462 3093 1464 3099 ·

219 3150 295 3215 εἶδος
312 3151 405 3220 cleon,
429 3149 500 3218 δόξα
519 3149 537 3221 ἡ
557 3149 614 3206 ἀπὸ
639 3153 689 3206 τοῦ
714 3150 845 3221 πολέμου,
866 3153 899 3218 cs.
919 3151 1030 3205 Adorea
1043 3169 1074 3220 p.
1094 3157 1110 3214 a
1219 3157 1235 3205 5
1254 3152 1369 3224 adorea]

218 3225 296 3278 Seru.
324 3225 501 3290 Aea,*1,109.
541 3225 652 3278 Adorca
676 3223 742 3276 liba.
782 3224 850 3277 ador
874 3222 985 3292 proprie
1009 3223 1053 3276 est
1080 3239 1167 3292 genus
1196 3222 1283 3279 farus.
1312 3225 1371 3278 liba

218 3299 312 3350 autem
336 3298 402 3349 sunt
420 3296 566 3365 placentae
585 3296 620 3350 dc
643 3295 728 3361 farre,
752 3294 884 3348 melleet
907 3294 982 3358 oleo,
1007 3293 1092 3347 sacris
1112 3295 1204 3362 aptae.
1225 3295 1269 3347 lib.
1289 3296 1369 3364 ploos.

218 3371 256 3436 (a)
291 3367 424 3421 Adorca
451 3367 536 3431 liba,
564 3367 656 3420 farrea
688 3364 831 3419 libamina.
861 3366 927 3418 ibid.
960 3365 1096 3418 Adorea
1132 3363 1214 3430 liba,
1248 3383 1262 3420 e
1296 3367 1370 3421 farre

217 3439 299 3494 sacta.
325 3439 393 3492 ador
417 3437 491 3492 enim
516 3438 560 3492 far
582 3437 692 3492 dicitur.
766 3446 781 3490 6
805 3436 921 3506 angrae]
945 3437 1023 3503 ploos.
1049 3437 1119 3489 leid.
1146 3435 1266 3504 Angrae,
1284 3437 1369 3492 inter-

218 3508 294 3562 ualla
318 3509 446 3563 arborum
471 3508 518 3563 uel
542 3508 690 3563 conualles.
716 3509 750 3574 ef.
777 3507 852 3561 Fest.
877 3507 960 3560 Paul.
986 3508 1315 3576 11‚13.etAncrasp.a

156 3589 165 3606 ⁴
219 3587 233 3632 7
254 3579 360 3650 antica]
381 3580 454 3634 Fert.
477 3581 560 3634 Paul.
580 3586 668 3647 2203.
687 3579 814 3648 Denique
829 3580 858 3632 et
877 3593 948 3647 qnae
968 3581 1033 3631 ante
1052 3594 1101 3630 nos
1120 3579 1197 3643 sunt,
1218 3579 1319 3646 actim,
1340 3581 1369 3634 et

218 3665 289 3718 quae
307 3653 372 3719 post
389 3666 439 3704 nor
459 3653 536 3717 sunt,
555 3652 665 3719 postica
683 3651 820 3704 dicuntur.
840 3651 875 3715 of.
891 3648 968 3703 Sera.
984 3649 1052 3700 Aen.
1069 3653 1157 3714 2453.
1178 3655 1264 3715 6,191.
1285 3652 1366 3706 eund.

217 3721 279 3774 Ecl.
304 3725 373 3785 9,13.
446 3721 643 3792 tantiquare]
667 3721 741 3774 Far.
768 3721 851 3774 Paul.
873 3725 958 3784 16,12.
980 3718 1132 3786 Antiquare
1152 3719 1242 3772 estin
1261 3738 1367 3774 morem

216 3790 367 3860 pristinum
389 3791 527 3846 reducere.
637 3798 653 3845 9
679 3791 832 3861 armillum]
858 3790 931 3844 Fest.
953 3790 1035 3843 Paul.
1055 3795 1107 3856 2,5.
1127 3788 1289 3858 Armillum,
1318 3809 1368 3847 uas
1446 3823 1449 3830 ·

217 3861 357 3916 uinarium
376 3861 404 3914 in
419 3861 504 3916 sacris
519 3862 633 3930 dictum,
653 3862 727 3930 quod
747 3878 832 3928 armo,
851 3861 882 3914 id
901 3862 944 3914 est
957 3862 1082 3926 humero,
1102 3861 1272 3930 deportetur.
1291 3864 1366 3919 Non.

217 3939 322 4000 547,11.
348 3933 438 3986 Lucil.
465 3950 511 4001 up.
534 3933 607 3986 Noa.
634 3938 719 3998 7410.
757 3932 830 3998 Hinc
853 3932 889 3985 ad
912 3948 969 3997 me,
993 3931 1059 3985 hinc
1077 3931 1156 3986 ilicet
1173 3947 1243 3987 anus
1261 3933 1366 3990 Rursus

217 4005 253 4058 ad
272 4003 422 4058 armillum.
498 4010 530 4058 10
550 4003 699 4074 antigen'o]
724 4003 799 4057 Fert.
820 4002 904 4057 Paul.
923 4007 973 4070 8,5.
1010 4001 1158 4072 Antigerio
1182 4003 1292 4072 antiqui
1315 4023 1366 4074 pro

216 4076 300 4130 ualde
318 4074 456 4130 dixerunt.
488 4075 580 4144 Quint.
600 4080 687 4143 8,3,25
708 4073 811 4144 oppido
831 4073 946 4143 quidem
960 4073 1002 4126 usi
1022 4076 1087 4127 sunt
1104 4073 1219 4142 paulum
1237 4078 1366 4145 tempore

216 4149 312 4201 nostro
335 4147 502 4216 superiores,
527 4163 624 4200 uereor
642 4146 748 4199 ut'iam
771 4162 821 4200 nos
839 4144 913 4198 ferat
930 4144 1091 4226 quisquam:
1120 4145 1194 4198 certe
1212 4147 1365 4214 antegerio,

217 4218 294 4271 cuius
308 4217 407 4272 eadem
421 4217 589 4288 significatio
607 4218 662 4282 est,
681 4233 762 4271 nemo
781 4214 835 4269 nisi
854 4215 1018 4269 ambitrosns
1036 4215 1139 4268 utetur.
1213 4221 1243 4269 11
1264 4233 1366 4287 aequa-

216 4289 299 4358 biles]
325 4289 420 4343 Ploat.
446 4289 524 4356 Oopt
545 4294 640 4357 2252.
734 4295 765 4341 13
790 4287 938 4368 alimones]
965 4287 1084 4353 Papias:
1113 4284 1301 4354 Alimones,
1329 4290 1365 4343 ab

217 4360 358 4424 alimento,
373 4377 428 4429 quo
443 4359 610 4424 nutriuntur,
626 4358 703 4412 dicti.
725 4358 807 4427 OPp.
827 4365 862 4412 44
881 4358 1067 4426 Ammonos,
1087 4357 1246 4429 nutritores,
1266 4361 1363 4418 educa-

216 4435 306 4497 tores,
325 4430 438 4484 lotores.
458 4432 492 4498 cf.
512 4431 578 4484 ibid.
595 4447 624 4499 p.
646 4437 686 4484 10.
