3208 5090
222 447 319 508 qnam
347 445 484 508 magnae
512 426 598 490 inter
629 425 753 491 Placidi
786 427 888 489 libros
921 431 954 488 et
985 423 1181 509 glossarium
1214 433 1367 508 magnum

222 531 469 613 conspiciantur.
510 531 593 596 unde
625 532 723 596 facile
755 531 965 614 intelligitur,
1002 535 1175 615 utrumqne
1195 531 1367 610 ‚librorum

222 657 322 720 genus
347 638 525 720 separatim
540 659 619 728 ¹esse
642 639 808 702 traditum.

310 759 345 825 Si
368 761 552 845 glossarum
581 761 726 826 ordinem
755 763 997 846 contempleris,
1026 762 1131 846 qualis
1160 761 1194 825 in
1222 761 1367 844 utrisque

221 866 314 931 libris
343 871 502 951 seruatur,
529 868 564 930 in
590 867 675 930 libro
705 868 887 950 glossarum
915 868 979 931 loci
1006 869 1055 931 it'a
1078 871 1153 932 sunt
1165 867 1308 953 digesti,
1330 871 1367 930 ut

220 995 286 1036 non
305 975 410 1038 solnm
428 975 553 1056 primae
572 974 628 1038 sed
647 970 746 1038 etiam
765 974 922 1038 secundae
937 978 970 1036 et
992 975 1109 1038 tertiae
1132 978 1165 1038 et
1188 977 1366 1038 ceterarum

118 1154 120 1158 Ι
221 1080 389 1143 literarum
407 1080 491 1143 ratio
506 1080 693 1160 haberetur,
717 1101 914 1163 quamquam
937 1084 973 1142 ut
996 1079 1030 1142 in
1053 1083 1145 1143 tanto
1170 1102 1265 1162 opere
1289 1101 1365 1143 non·

139 1190 144 1200 ’
220 1186 311 1250 nulla
333 1187 523 1269 perturbata
546 1189 629 1249 sunt.
666 1185 721 1249 sed
744 1186 779 1248 in
793 1184 917 1249 Placidi
939 1185 1032 1250 libris
1051 1186 1180 1269 glossae
1204 1187 1366 1250 continen-

221 1297 275 1355 tur
289 1292 336 1355 sic
349 1291 537 1375 permixtae,
561 1296 597 1356 ut
609 1292 693 1355 nihil
712 1292 774 1356 nisi
798 1291 905 1375 prima
927 1292 1015 1356 uocis
1040 1290 1247 1375 explicandae
1269 1291 1366 1355 litera

220 1402 367 1481 respecta
391 1397 442 1461 sit.
480 1398 595 1481 quodsi
624 1398 694 1481 quis
718 1397 841 1461 Placidi
865 1398 993 1479 glossas
1022 1420 1039 1462 e
1062 1397 1221 1481 glossario
1246 1418 1365 1480 magno

220 1505 429 1586 depromptas
453 1504 542 1568 etin
565 1526 664 1567 unum
687 1504 848 1586 quoddam
863 1525 976 1586 corpus
998 1504 1145 1568 redactas
1169 1525 1240 1567 esse
1263 1507 1365 1587 putet,

219 1611 342 1673 nullam
365 1631 494 1673 causam
519 1610 626 1673 afferri
648 1632 743 1693 posse
767 1611 872 1693 uideo,
900 1633 956 1673 cur
978 1611 1040 1674 iste
1065 1611 1157 1692 quasi
1180 1610 1254 1673 novi
1277 1610 1366 1673 uolu-

220 1717 316 1779 minis
344 1719 456 1779 auctor·
484 1716 627 1780 ordinem
656 1716 839 1799 glossarum
871 1717 948 1780 data
980 1737 1078 1798 opera
1105 1737 1201 1799 quam
1226 1716 1365 1779 maxime

219 1821 424 1905 peruerterit.
461 1826 601 1886 ceterum
625 1822 659 1885 in
691 1820 815 1886 Placidi
848 1822 941 1886 libris
976 1845 1089 1886 uerum
1121 1843 1158 1886 ac
1191 1822 1366 1906 genuinum

220 1929 404 2011 glossarum
419 1929 564 1992 ordinem
580 1949 756 2010 superesse,
780 1929 971 2010 quibusdam
986 1950 1024 1992 ex
1047 1929 1144 1992 rebus
1162 1927 1318 2011 perspicit
1358 1977 1366 1991 .
1434 1953 1439 1960 ·

221 2036 311 2098 uelut
333 2034 478 2116 glossam
493 2031 605 2117 ‘peltu',
629 2056 710 2117 quae
726 2034 772 2097 sic
786 2034 933 2117 explicit:
957 2034 1078 2116 ‘qulbus
1100 2035 1244 2116 eaedem
1266 2035 1366 2098 Amu-

219 2161 307 2206 aoues
329 2144 460 2204 situatur
487 2141 522 2203 ic
538 2139 669 2224 pncpca',
696 2139 788 2203 locus
811 2138 984 2222 praecedit
999 2140 1037 2202 de
1061 2139 1269 2204 Penthesilea
1291 2163 1365 2205 con-

221 2247 374 2329 scriptus,
397 2267 460 2328 quo
484 2246 522 2309 de
546 2245 765 2310 Amazonibus
794 2246 912 2329 agitur.
949 2250 983 2309 at
1006 2245 1040 2308 in
1063 2245 1149 2310 libro
1173 2247 1365 2330 glossarum,

220 2373 416 2435 quamquam
443 2351 555 2415 uocab.
584 2351 723 2416 ‘eaedem’
751 2356 913 2417 retentum
946 2356 1008 2434 est,
1044 2351 1120 2415 illae
1149 2353 1278 2436 glossae
1306 2377 1365 2438 pro

220 2458 344 2522 ratione
375 2457 543 2522 literarum
577 2455 750 2522 interuallo
783 2459 904 2522 maiore
938 2463 1107 2540 separatae
1139 2463 1222 2522 sunt.
1267 2482 1364 2542 porro

220 2565 254 2628 in
277 2564 446 2647 glossariis
469 2564 549 2628 haec
571 2565 738 2647 leguntur:

298 2687 480 2771 ssFrcqem
507 2689 634 2768 fecisti
655 2687 809 2769 procace
835 2687 942 2766 fecisti.
979 2689 1060 2753 clude
1081 2691 1208 2770 quidam
1228 2690 1365 2772 frugiferi
1454 2735 1457 2740 -

219 2794 395 2859 iaterdccm'.
436 2799 528 2859 acute
560 2795 643 2860 uidit
676 2794 902 2877 Kettnerus,
930 2795 991 2859 hoc
1020 2796 1091 2860 loco
1124 2795 1203 2860 duas
1236 2797 1364 2880 glossas

222 2902 372 2966 confusas
403 2924 486 2986 esse,
518 2923 590 2966 cum
618 2903 651 2965 in
680 2901 804 2965 Placidi
832 2901 925 2964 libris
953 2903 1053 2966 uerba
1075 2907 1162 2966 recte
1187 2903 1233 2966 sic
1257 2924 1290 2966 se
1315 2925 1366 2966 ex-

221 3007 357 3090 cipiant:

308 3131 465 3214 Frnyem
486 3133 611 3210 fecisti
628 3153 688 3212 pro
707 3131 777 3195 cccc
797 3133 904 3212 sensti.
940 3135 1020 3198 clude
1042 3133 1162 3215 qccidcm
1183 3132 1276 3213 scapi.

308 3238 467 3302 Facesse
487 3239 540 3318 sac
561 3239 723 3301 interdum.

222 3362 302 3425 item
326 3361 436 3446 glossa
460 3360 588 3442 ‘lupam'
612 3362 646 3424 in
669 3361 754 3430 libro
779 3361 961 3444 glossarum
985 3361 1032 3423 sic
1055 3360 1180 3424 finitur:

479 3466 550 3533 ἵ...
573 3467 653 3532 crede
675 3472 703 3532 ct
725 3467 799 3548 ligra
823 3468 957 3549 tegridulc
978 3467 1112 3546 scetiuc'.

222 3596 303 3656 quae
328 3573 360 3636 in
384 3572 507 3638 Placidi
531 3573 624 3644 libris
648 3573 694 3637 sic
718 3578 842 3638 secreta
865 3574 1030 3658 leguntur:

571 3681 651 3744 riade
673 3684 701 3744 ct
723 3679 858 3760 lupanar
881 3681 994 3746 dicitur

309 3804 509 3886 Lepidulc,
530 3804 654 3883 festiue.

221 3927 293 4023 inde
323 3926 462 3992 eflicitur
489 3927 549 3992 has
578 3927 704 4011 glossas
729 3950 766 3993 eo
794 3927 919 4010 ordine,
950 3950 1044 4011 quem
1067 3927 1101 3991 in
1124 3927 1218 3992 libris
1241 3927 1367 3992 Placidi

220 4037 341 4117 tenent,
361 4033 428 4097 iam
442 4033 483 4097 ab
497 4033 592 4098 initio
607 4033 781 4098 collocatas
800 4034 913 4098 fuisse:
937 4034 1017 4098 alias
1041 4033 1126 4098 enim
1150 4034 1184 4097 in
1207 4033 1366 4117 glossario

221 4160 353 4223 magno,
385 4161 458 4204 cum
490 4140 558 4204 eius
591 4140 669 4204 ordo
703 4141 747 4205 sit
778 4139 971 4223 accuratior,
1006 4162 1073 4204 non
1104 4141 1152 4204 ita
1184 4139 1365 4229 continuari

221 4250 405 4329 potuerunt.
428 4246 509 4310 illud
524 4245 661 4330 deniqne
676 4268 750 4311 raro
760 4245 808 4328 fit,
818 4250 854 4310 ut
868 4269 919 4310 res
933 4247 1116 4331 propinqua
1130 4245 1366 4329 significatione

221 4352 255 4418 in
269 4351 394 4417 Placidi
416 4352 510 4416 libris
534 4353 625 4418 iuxta
647 4352 956 4436 positaelegantur,
979 4353 1071 4416 uelut
1094 4351 1197 4416 ‘alitos
1209 4352 1367 4429 elimenes
