3208 5090
682 331 902 394 -19„.

221 487 409 554 Columen
431 488 484 554 uel
500 489 623 554 sanitas
646 489 699 552 uel
723 489 988 571 sustentaculum,
1012 489 1088 572 quia
1112 511 1131 552 a
1154 488 1306 554 columna
1320 488 1366 552 fit.

221 575 404 643 Calcaria
428 582 503 642 sunt
527 579 645 661 aculei,
669 579 782 662 quiin
806 579 893 642 ealce
916 577 1058 642 hominis
1083 577 1239 661 ligantur,¹
1261 578 1293 641 id
1317 581 1367 641 est

264 667 299 730 in
322 667 412 750 pedis
441 668 620 749 posteriore
648 669 755 750 parte,
785 667 825 730 ad
849 666 1083 731 stimulandum
1107 688 1221 750 equor,
1250 666 1366 750 quibus

265 759 321 819 aut
344 756 554 838 pugnandum
577 759 627 820 est
649 759 706 820 aut
728 756 933 838 currendum,
956 758 1088 837 propter
1110 755 1278 838 pigritiam
1301 754 1367 818 ani-

196 861 208 898 5
267 845 400 908 malium
425 847 480 908 aut
503 845 662 908 timorem.

221 930 386 997 Ooturni
410 938 484 996 sunt
498 934 624 1018 tragica
639 933 860 1016 calciamenta,
884 932 1001 1016 quibus
1018 933 1197 997 calciantur
1219 931 1368 1016 tragoedi

265 1023 320 1105 qui
348 1023 382 1084 in
410 1021 538 1086 theatro
567 1022 685 1086 dicturi
717 1026 793 1086 sunt
821 1022 890 1086 alta
924 1026 957 1085 et
988 1022 1152 1088 intonanti
1184 1042 1271 1084 uoce.
1317 1023 1368 1084 est

266 1111 365 1174 etiam
381 1111 555 1175 secundum
569 1112 774 1176 calciamenti
789 1131 890 1195 genus
906 1111 1028 1175 humile
1044 1111 1173 1194 quidem
1188 1109 1222 1172 in
1236 1109 1368 1173 modum

265 1201 475 1283 crepidarum,
499 1222 562 1284 quo
582 1200 697 1264 heroes
717 1203 862 1282 utuntur,
885 1199 941 1263 sed
963 1201 1030 1264 tale
1055 1204 1113 1281 est,
1137 1202 1173 1264 ut
1197 1197 1231 1261 in
1254 1199 1367 1262 dextro

184 1306 207 1342 10
266 1292 299 1352 et
321 1289 356 1352 in
379 1289 471 1353 laeuo
494 1289 574 1372 pede
599 1289 780 1354 conueniat.

182 1430 184 1434 .
221 1374 345 1442 olima
368 1397 521 1462 graecum
549 1400 669 1442 nomen
692 1381 755 1459 est,
784 1378 817 1441 id
840 1383 890 1442 est
914 1378 1009 1442 cardo
1034 1377 1087 1442 uel
1110 1399 1188 1460 pars
1212 1376 1309 1459 caeli,
1332 1380 1368 1439 ut

266 1467 363 1530 clima
386 1466 554 1531 orientale.

221 1552 344 1619 Casus
358 1555 426 1620 Em
431 1555 648 1638 pedoeleos.
675 1556 888 1639 Empedocles
902 1555 1115 1640 philosophus
1130 1555 1368 1638 Agrigentinus

265 1644 298 1707 id
321 1649 371 1708 est
395 1643 536 1727 Siculus,
564 1645 619 1729 qui
648 1667 719 1709 cum
743 1644 849 1710 laeum
874 1644 999 1710 Aetnae
1023 1643 1144 1708 montis
1168 1643 1367 1726 inuestigare

183 1748 206 1787 1:¹1
265 1733 485 1815 contenderet,
518 1734 636 1798 decidit
666 1734 699 1798 in
734 1733 864 1817 igneam
892 1733 1020 1798 foueam
1053 1735 1087 1814 etr
1116 1732 1263 1797 incendio
1296 1753 1369 1796 eon-

266 1825 417 1905 sumptus
442 1824 499 1885 est.

224 1907 397 1974 Comitia
420 1908 578 1993 dicuntur,
601 1933 685 1994 quae
698 1912 780 1975 fiunt
793 1911 917 1976 Romae
933 1911 973 1974 ad
988 1909 1140 1974 creandos
1156 1909 1368 1992 magistratus

265 1999 421 2063 Kalendis
439 1997 583 2063 Ianuarii
608 2001 644 2063 in
667 2021 781 2083 campo
795 1999 926 2083 Martio,
950 2000 990 2064 ad
1013 2020 1094 2083 quae
1110 1997 1214 2062 omnis
1230 1997 1368 2080 populus

265 2110 417 2153 romanus
446 2091 479 2153 et
505 2089 675 2153 uniuersae
704 2090 899 2154 conueniunt
926 2089 1113 2173 dignitates.
1142 2090 1175 2151 et
1202 2086 1241 2169 de
1269 2085 1368 2150 ltalia

182 2197 207 2234 20
266 2197 343 2262 ergo
369 2177 409 2241 ad
432 2199 558 2242 summa
581 2178 714 2242 comitia
737 2182 812 2242 sunt
835 2183 1010 2243 conuentus
1034 2175 1208 2241 necessarii
1230 2175 1339 2239 nimis.

223 2264 468 2350 Oonerepare
492 2268 650 2350 eoniuere,
674 2267 756 2331 unde
780 2268 1004 2351 discrepare
1028 2266 1209 2330 dissentire.

222 2352 488 2439 (lirrhearum,
512 2356 596 2440 quod
620 2357 712 2420 aiunt
735 2356 996 2440 inspirationum.

223 2442 438 2526 Camarum,
461 2466 601 2510 curnam.

296 2733 308 2779 1
329 2725 395 2793 quia
419 2742 436 2779 a
456 2743 506 2780 ou:
530 2727 605 2796 quod
630 2746 648 2781 a
669 2727 709 2794 R,
734 2727 799 2796 quia
823 2728 886 2793 Hb,
910 2728 958 2796 qui
981 2745 998 2780 a
1021 2743 1048 2780 ru
1070 2728 1074 2793 Ι
1097 2726 1204 2781 factum
1227 2727 1269 2780 est
1291 2723 1317 2779 G
1380 2773 1389 2784 .

222 2802 238 2849 2
258 2795 395 2849 Calcarici
412 2796 440 2849 R
458 2799 534 2851 codd.
554 2804 569 2851 2
590 2799 595 2868 l
616 2799 706 2852 aculei
725 2815 757 2852 a:
781 2799 857 2853 acuti
878 2799 931 2852 PG
950 2801 954 2865 Ι
973 2798 1002 2851 in
1029 2797 1167 2851 calcaneis
1185 2798 1326 2865 ponuntur
1344 2794 1370 2847 G

220 2873 236 2919 3
260 2865 461 2920 stimulandum
480 2883 566 2936 equos
591 2868 635 2921 P:
662 2885 747 2938 equos
767 2869 951 2922 stimulandos
971 2869 1055 2932 bomr,
1075 2866 1261 2920 stimulandos
1281 2883 1368 2933 equus

223 2955 241 2991 a
260 2938 332 2991 Isid.
352 2938 369 2990 l.
388 2937 547 3007 atquibus
566 2939 799 2994 aut-timorem
818 2955 868 2994 om.
888 2938 914 2993 G
1003 2944 1019 2993 8
1039 2936 1125 2991 etiam
1144 2937 1182 2989 G:
1202 2939 1297 2990 autem
1317 2937 1345 2988 P
1364 2935 1366 3006 l

222 3007 336 3077 quidem
355 3007 421 3062 BG:
441 3009 516 3077 quod
541 3009 575 3063 H
696 3010 829 3065 oheroes
847 3027 900 3064 mr:
930 3009 1014 3064 lertes
1042 3009 1077 3072 P,
1099 3023 1149 3064 orn.
1174 3007 1209 3061 bu
1229 3009 1233 3076 ζ
1254 3009 1371 3060 utuntur

100 3086 106 3090 “
224 3081 263 3134 P:
282 3080 433 3134 utebantur
457 3097 507 3147 mr,
530 3096 581 3135 om.
600 3081 635 3135 bu
660 3081 677 3144 1.
690 3080 719 3134 in
741 3081 840 3136 dextro
865 3082 894 3136 et
915 3080 945 3134 in
963 3080 1044 3135 laeuo
1062 3079 1133 3148 pede
1158 3077 1307 3132 conueniat
1332 3078 1370 3131 P:

224 3154 253 3205 et
270 3150 300 3205 in
319 3151 416 3205 dextro
432 3153 461 3206 et
473 3151 503 3205 in
517 3151 599 3207 laeuo
614 3151 763 3206 conueniat
777 3152 847 3222 pede
862 3169 938 3220 amu,
958 3151 1055 3206 dextro
1074 3152 1104 3205 et
1122 3150 1203 3204 laeuo
1223 3149 1371 3204 conueniat

223 3222 288 3292 pedi
306 3223 379 3276 leid.
399 3223 416 3276 l.
436 3239 458 3277 c.
532 3230 563 3278 11
584 3240 685 3278 nomen
700 3223 738 3277 G:
758 3239 807 3278 oua.
829 3224 862 3277 P.
938 3229 969 3276 12
984 3221 1069 3275 elima
1087 3220 1222 3276 orientale
1241 3223 1270 3275 et
1288 3220 1371 3274 elima

223 3292 409 3348 meridianum
428 3293 454 3347 G
532 3302 564 3348 13
584 3294 777 3364 empedocleos
795 3311 823 3349 r:
843 3293 1049 3364 Emipedieleos
1069 3293 1098 3360 0,
1119 3290 1313 3362 emphiticleos
1331 3291 1370 3358 H,

222 3365 424 3434 Empedoclem
442 3365 470 3418 a
486 3365 490 3436 Ι
506 3365 705 3436 Agrigentinus
725 3366 750 3420 0
852 3372 884 3419 14
901 3366 931 3420 id
950 3366 994 3420 cst
1014 3365 1051 3418 P:
1070 3365 1114 3418 est
1132 3363 1158 3417 G
1174 3364 1178 3432 Ι
1194 3379 1258 3417 cum
1276 3363 1370 3419 laeum

223 3436 262 3489 G:
282 3437 411 3490 naturam
431 3437 457 3490 G
473 3438 477 3506 Ι
493 3437 596 3492 montis
615 3437 663 3507 qui
681 3437 763 3492 ardet
780 3436 810 3491 in
829 3437 925 3493 Sicilia
944 3437 969 3490 G
1066 3441 1097 3488 15
1118 3434 1300 3489 contenderet
1318 3450 1369 3502 op:

224 3505 368 3561 contendit
387 3508 415 3561 P
505 3514 537 3564 18
556 3508 593 3562 ad
612 3525 683 3577 quae
701 3525 717 3562 r
733 3509 852 3578 Pupius:
871 3510 955 3576 atoue
975 3527 996 3560 ω
1093 3513 1124 3560 19
1144 3504 1262 3560 ueniunt
1280 3505 1306 3559 G
1322 3508 1326 3573 Ι
1342 3506 1372 3560 ct

224 3577 258 3630 de
278 3578 347 3632 HG:
367 3578 402 3632 de
421 3578 448 3632 R
520 3585 554 3633 20
569 3579 605 3633 ad
620 3597 729 3634 summa
749 3579 787 3633 G:
806 3597 856 3635 ora.
878 3579 911 3632 P.
928 3583 932 3645 Ι
950 3579 1015 3632 sunt
1028 3594 1078 3632 om.
1095 3578 1122 3629 P
1193 3583 1226 3631 21
1243 3575 1371 3631 conibere

225 3651 268 3701 est
286 3649 328 3714 bo,
347 3649 476 3703 eohiuere
494 3652 538 3705 est
556 3667 578 3718 r,
598 3649 745 3704 conuenire
766 3651 812 3718 ΡΙ
828 3648 975 3705 dissentire
995 3647 1134 3718 signifieat
1153 3647 1178 3701 G
1260 3653 1294 3701 22
1314 3645 1371 3700 Cir-

225 3719 355 3773 rhearum
369 3736 406 3788 p:
432 3720 610 3774 Chirrearum
628 3721 699 3788 HR,
719 3720 886 3776 Glirrsarum
907 3721 937 3789 G,
957 3718 1113 3774 Cirrearum
1132 3720 1184 3773 buu
1207 3720 1210 3786 l
1236 3719 1325 3787 agunt
1345 3718 1372 3769 P

225 3795 258 3843 23
278 3788 427 3844 Camarum
446 3792 484 3846 G:
505 3789 650 3846 Cameram
671 3793 699 3844 P

298 3884 310 3931 1
333 3878 472 3949 columen]
495 3879 590 3934 Plcut.
609 3880 669 3934 (lus.
685 3886 765 3949 3,2,6.
790 3880 877 3948 Epic.
892 3885 970 3944 2,2,5.
994 3880 1029 3947 cf.
1053 3879 1124 3932 Isid.
1144 3878 1181 3931 D.
1206 3877 1237 3932 V.
1257 3883 1317 3931 111.

225 3956 241 4004 2
261 3948 393 4019 calcaria]
414 3973 447 3994 =
467 3951 538 4004 Isid.
553 3955 668 4016 20,16,6.
782 3958 797 4006 6
817 3949 938 4021 coturni]
958 3975 992 3995 =
1012 3950 1083 4004 [sid.
1105 3953 1218 4014 19,34,u.
1237 3950 1271 4014 es.
1292 3949 1370 4003 Seru.

225 4021 294 4076 Aea.
310 4025 397 4085 1‚337.
412 4020 473 4074 Ecl.
489 4027 558 4088 8,10.
632 4027 663 4074 11
681 4021 777 4092 clima]
792 4021 867 4076 Suet.
884 4020 963 4075 Prot.
978 4021 1010 4074 dc
1023 4025 1081 4077 aut.
1095 4036 1148 4074 rer.
1163 4021 1203 4074 ed.
1213 4019 1370 4086 Reiffersct.

208 4095 312 4158 2026.
338 4089 437 4158 Clima,
452 4092 535 4146 cardo
549 4092 595 4147 uel
611 4110 675 4163 pars
689 4093 767 4160 caeli,
786 4094 819 4147 ut
837 4091 923 4146 elima
937 4091 1071 4146 orientale
1091 4092 1121 4145 et
1139 4090 1223 4144 clima
1241 4090 1370 4144 meridia-

224 4181 301 4217 num.
374 4168 407 4216 17
422 4162 548 4233 comitia]
566 4163 662 4221 Pluut.
676 4165 742 4219 Aul.
758 4169 852 4231 4,r,1e.
868 4169 915 4218 etc.
988 4169 1020 4216 21
1037 4161 1215 4231 concrepare]
1231 4162 1277 4214 lib.
1292 4162 1371 4231 gloss.

158 4263 161 4268 ·
225 4234 411 4302 concrepare,
431 4234 558 4289 coniuere
576 4234 606 4288 id
625 4238 668 4290 est
686 4235 850 4290 consentire.
958 4240 992 4288 22
1011 4232 1193 4302 cirrhcarum]
1213 4233 1300 4286 idest
1318 4233 1372 4287 del-

220 4307 369 4375 ptr'earum
386 4306 445 4360 siue
463 4306 671 4374 apollineum,
691 4308 725 4361 ab
743 4308 809 4361 orte
829 4307 930 4361 Cirrha
943 4305 1084 4373 Apollinis
1102 4319 1183 4358 suoru
1196 4309 1371 4372 nuncupau-

225 4394 294 4431 rwm.
367 4382 401 4431 23
421 4377 573 4447 camaram]
594 4378 639 4430 lib.
654 4379 732 4447 glosa
752 4377 870 4432 Camars
890 4376 1011 4433 latinum
1033 4377 1076 4431 est
1093 4392 1111 4429 a
1128 4375 1267 4430 curuitat'e
1286 4374 1371 4429 dicta.

228 4450 272 4506 est
289 4447 364 4504 enim
383 4448 514 4504 uolumen
533 4447 683 4504 introrsum
702 4449 860 4520 respiciens.

1121 4536 1158 4598 2*
