3208 5090
705 1237 913 1321 Praefatio.

795 1418 819 1482 1.
885 1387 887 1394 ,

642 1569 691 1625 ne
713 1569 810 1624 nara
833 1569 997 1628 encra..

318 1720 442 1784 Placidi
471 1720 599 1802 glossae
627 1721 766 1802 primum
785 1720 836 1782 ab
860 1719 1014 1801 Angclo
1038 1719 1139 1783 Maio
1164 1743 1201 1783 ex
1226 1725 1380 1804 quattuor

230 1827 317 1892 codd.
337 1826 671 1916 Vaticanis,quo,rum
686 1831 751 1889 tres
773 1846 853 1888 saec.
872 1823 951 1905 XV,
971 1830 1104 1907 quartus
1124 1849 1149 1889 s.
1163 1826 1250 1890 XVI.
1266 1828 1379 1909 scripti

230 1937 317 2014 sunt,
341 1933 374 1996 in
394 1930 496 1997 Olass.
519 1935 602 2014 auct.
621 1936 644 1996 t.
663 1930 722 1995 III.
741 1931 775 1994 in
794 1931 899 1993 lucem
918 1930 1022 1994 editae
1043 1929 1167 2016 suutss).
1204 1932 1266 1996 His
1286 1933 1378 1996 libris

229 2039 484 2104 mendosissimis
507 2039 605 2121 longe
629 2038 745 2102 melior
769 2039 817 2100 est
840 2036 924 2100 liber
946 2034 1034 2101 XIV.
1057 2059 1140 2102 saec.
1163 2038 1317 2121 scriptus,
1340 2061 1378 2103 ex

228 2169 291 2230 quo
319 2146 391 2210 Ios.
420 2143 578 2209 Corsius
611 2145 645 2208 in
672 2143 850 2208 Annalium
882 2142 1106 2207 universitatis
1135 2144 1304 2210 literarum
1330 2149 1379 2209 tu·

197 2288 201 2300 ·
228 2252 375 2316 scanicae
403 2255 426 2314 t.
444 2251 469 2315 I.
494 2251 649 2315 lectiones
678 2250 786 2324 uarias
815 2249 856 2312 ad
884 2250 1065 2333 exemplum
1090 2273 1259 2315 romanum
1283 2251 1378 2315 Pisae

226 2359 373 2442 protulit.
409 2358 447 2421 de
470 2357 532 2421 hoc
555 2357 639 2442 libro
663 2355 785 2420 Fried.
808 2354 1052 2420 Ritschelius
1075 2379 1164 2420 more
1193 2379 1251 2421 suo
1275 2357 1378 2420 multa

228 2469 323 2529 acute
346 2470 379 2530 ct
403 2464 571 2547 ingeniose
596 2463 774 2545 disputauit
797 2460 840 2548 (u.
859 2461 921 2527 Rh.
940 2461 1022 2526 Mus.
1044 2463 1138 2527 1869.
1160 2485 1191 2545 p.
1210 2463 1284 2526 456.
1308 2461 1378 2546 sq.),

226 2570 283 2634 sed
297 2570 380 2634 illud
393 2570 563 2654 dubitauit,
578 2593 620 2634 an
638 2570 695 2633 ille
714 2570 813 2634 codex
833 2591 944 2634 omnes
963 2569 1091 2652 glossas
1111 2592 1130 2633 a
1148 2568 1247 2634 Maio
1267 2570 1377 2653 palam

225 2677 329 2740 factas
353 2676 655 2759 comprehenderet:
687 2665 764 2739 dam
791 2675 947 2764 lectiones
975 2675 1084 2738 uarias
1108 2697 1146 2739 ex
1170 2697 1208 2740 eo
1230 2676 1377 2759 prolatas
1437 2731 1444 2744 .

225 2781 280 2845 uix
304 2781 344 2844 ad
362 2781 529 2845 dimidiam
551 2787 679 2865 partem
698 2782 882 2865 glossarum
905 2781 1065 2844 editarum
1088 2782 1250 2864 pertinere
1273 2803 1377 2866 neque

226 2909 296 2952 esse
319 2887 389 2952 ueri
413 2887 528 2970 simile,
551 2888 586 2950 in
604 2887 690 2953 libro
710 2887 882 2951 admodum
906 2886 1059 2950 mendoso
1083 2887 1225 2971 reliquas
1250 2888 1376 2971 glossas

224 2993 314 3058 ultiis
347 3013 464 3057 carere.
510 2997 545 3058 at
576 2993 671 3057 nobis
700 2993 830 3076 quidem
857 2992 940 3056 liber
973 2989 1147 3057 Corsianus
1176 2991 1231 3080 (O)
1265 2994 1377 3058 eadem

223 3099 352 3164 uidetur
373 3099 547 3182 continere,
571 3121 654 3183 quae
672 3098 771 3164 ceteri
794 3098 928 3164 codices.
964 3099 1106 3182 primum
1129 3101 1215 3164 enim
1238 3101 1377 3185 glossae,

225 3227 304 3290 quas
332 3205 447 3270 attulit
474 3203 648 3290 Corsius,
680 3227 748 3271 non
778 3206 814 3269 in
844 3205 1028 3270 breuiorem
1055 3205 1194 3291 formam
1226 3208 1375 3271 redactae

225 3315 301 3376 sunt
318 3299 362 3376 ‘et
390 3313 418 3375 si
446 3335 528 3396 quae
560 3312 728 3376 breuiatae
761 3316 963 3395 comparent,
996 3313 1031 3376 in
1062 3313 1136 3376 aliis
1165 3313 1260 3377 libris
1288 3313 1374 3377 idem

223 3418 370 3483 uidemus
393 3418 516 3483 factum
540 3439 620 3484 esse.
653 3422 727 3482 tum
750 3418 813 3482 loci
837 3441 856 3482 a
880 3415 1015 3482 Corsio
1039 3419 1273 3503 praetermissi,
1301 3441 1374 3484 cum

139 3521 141 3531 ’
223 3524 413 3608 plerumque
441 3525 548 3590 minus
572 3525 774 3590 difficultatis
797 3524 954 3606 habeant,
984 3547 1024 3590 ne
1049 3525 1083 3588 in
1106 3525 1220 3589 ceteris
1245 3525 1374 3609 quidem

112 3638 116 3647 '
223 3630 316 3693 libris
340 3630 387 3694 ita
402 3631 541 3696 multum
560 3632 645 3724 inter
668 3653 702 3695 se
726 3631 885 3695 differunt.
922 3631 1058 3716 denique
1082 3633 1117 3695 in
1131 3629 1156 3696 Ο
1172 3631 1284 3696 eadem
1306 3631 1374 3696 fere

224 3739 299 3800 sunt
326 3737 461 3820 omissa,
494 3760 575 3822 quae
603 3739 638 3802 in
670 3739 764 3804 libris
797 3737 948 3822 integris,
980 3737 1129 3822 idemque
1157 3737 1212 3821 qui
1239 3737 1273 3800 in
1305 3738 1372 3802 illis

223 3847 372 3907 seruatur
391 3843 479 3908 ordo.
514 3844 547 3907 id
565 3846 687 3928 optime
706 3845 911 3929 perspicitur,
933 3843 990 3907 ubi
1007 3843 1113 3908 Maius
1134 3844 1291 3926 quaedam
1315 3866 1381 3934 sua,

224 3952 339 4032 sponte
359 3947 555 4032 immutauIt,
578 3951 669 4015 uelut
692 3952 726 4014 in
749 3952 868 4033 glossis
892 3949 1077 4028 ‘admodum
1098 3951 1189 4030 sollu,
1206 3949 1297 4032 puu',
1320 3950 1372 4013 uel

294 4230 320 4298 ⁸)
338 4229 380 4284 De
405 4228 483 4284 codd.
508 4227 599 4283 Vatia.
623 4248 648 4284 u.
673 4230 937 4284 Wilmauusium
961 4230 989 4282 in
1013 4190 1065 4284 Rli.
1085 4229 1156 4283 Mus.
1180 4231 1200 4283 t.
1225 4229 1322 4284 XXIV.
1343 4250 1370 4300 p.

222 4325 282 4373 362.
307 4335 346 4387 sq.
380 4319 581 4373 Kettnerum
603 4319 633 4371 in
656 4319 749 4372 Herm.
774 4322 793 4372 t.
818 4317 863 4374 Vl.
887 4337 914 4387 p.
938 4325 996 4372 166.
1016 4336 1057 4386 sq.
1090 4317 1212 4372 Theod.
1233 4319 1369 4373 Momm·
1399 4341 1405 4350 ·

222 4407 352 4461 senium
370 4405 400 4460 in
418 4408 512 4462 Herm.
531 4409 551 4462 t.
572 4405 645 4462 VIII.
665 4425 691 4475 p.
712 4413 753 4461 67.

1122 4496 1159 4548 a*
