3208 5090
692 291 912 338 ...XX-.-

770 555 825 619 Vl.

265 710 341 772 Qua
362 708 495 764 rationo
518 707 677 764 Placidus
702 707 739 762 in
762 707 883 776 glossis
906 707 1159 764 conscribendis
1176 723 1262 764 usus
1284 709 1336 764 sit.

317 857 480 942 Antiquos
495 860 729 942 glossematum
745 858 920 942 scriptores
938 878 1058 941 magna
1072 881 1111 922 ex
1133 863 1226 944 parte
1240 858 1373 923 Placido

158 961 163 968 ’
229 968 262 1029 et
289 985 342 1028 res
370 968 404 1029 et
430 966 531 1029 uerba
558 965 781 1049 suppeditasse
811 957 915 1029 uideri
943 986 1040 1047 snpra
1070 966 1373 1030 demonstrauimus.

229 1090 325 1153 quem
351 1093 456 1154 pauca
482 1093 621 1135 nouasse
649 1093 687 1134 ex
716 1093 753 1136 eo
782 1069 942 1154 sequitur,
975 1069 1059 1153 quod
1086 1071 1173 1134 idern
1200 1072 1236 1134 in
1264 1071 1377 1151 Statio

100 1211 104 1218 ·
229 1176 475 1241 commentando
508 1178 653 1260 integras
686 1200 780 1260 saepe
817 1176 967 1261 periodos
1001 1198 1038 1239 ex
1076 1176 1150 1240 aliis
1187 1176 1373 1242 auctoribus

229 1283 452 1366 transscripsit
478 1281 533 1366 (cf.
557 1281 648 1363 futile
675 1305 725 1365 ap.
752 1283 842 1346 Luat.
870 1282 958 1346 Plac.
987 1281 1092 1345 Theb.
1121 1283 1150 1365 8,
1169 1283 1243 1347 298.
1267 1287 1300 1347 ct
1323 1304 1373 1365 ap.

230 1387 319 1452 Seru.
343 1388 423 1452 Aen.
441 1390 490 1471 11,
506 1386 605 1474 339.),
629 1387 776 1472 quodque
800 1388 865 1452 loci
889 1386 1076 1452 eSuetonio
1100 1387 1294 1473 deprompti,
1318 1389 1374 1473 qui

227 1493 361 1558 Placido
390 1516 463 1558 cum
490 1493 616 1558 Isidoro
643 1493 697 1557 uel
721 1515 793 1558 cum
818 1493 892 1558 aliis
917 1515 1102 1558 communes
1126 1498 1214 1577 sunt,
1242 1494 1375 1577 paulum

229 1599 270 1664 ab
285 1599 336 1663 his
351 1599 513 1664 differunt.
541 1599 741 1690 glossemata
755 1600 912 1684 quaedam
935 1623 973 1664 cx
997 1600 1098 1665 uariis
1121 1601 1216 1665 libris
1240 1600 1376 1664 confusa

228 1707 401 1788 uidentur„
425 1707 516 1770 uelut
543 1729 581 1770 ea
609 1728 690 1789 quae
723 1730 747 1770 s.
775 1730 805 1770 u.
837 1707 967 1789 sponsae
998 1707 1180 1790 composita
1211 1707 1376 1790 legrmtur.

228 1812 342 1877 deinde
365 1801 517 1876 Placidus
532 1833 604 1876 cum
618 1813 656 1876 de
671 1814 808 1896 paganis
832 1813 989 1898 loquitur,
1012 1813 1074 1877 hoc
1097 1813 1291 1878 uocabulum
1314 1834 1374 1895 pro

227 1918 414 1983 nominibus
447 1923 616 1982 auctorum
649 1921 837 2002 qnorumuis
870 1919 1056 2003 gentilium,
1089 1942 1170 2003 qnae
1208 1918 1242 1982 in
1278 1918 1396 1982 libris·

227 2026 404 2106 inuenerat,
418 2024 546 2088 uidetur
559 2024 716 2106 posuisse.
739 2026 823 2108 quod
836 2025 916 2088 item
931 2048 950 2089 a
964 2024 1077 2090 Seruio
1091 2025 1237 2089 uidemus
1251 2023 1373 2087 factum

229 2152 313 2212 esse,
344 2130 400 2215 qui
433 2129 536 2194 ‘aiunt
565 2127 638 2194 alii'
665 2131 719 2194 uel
747 2129 817 2194 ‘alit
839 2129 969 2212 putant'
998 2130 1121 2194 similia
1148 2129 1292 2212 scripsit,
1315 2129 1373 2192 ubi

229 2258 301 2300 eum
331 2240 499 2301 auctorum
526 2235 660 2300 nomina
688 2236 904 2320 suppressisse
933 2235 1141 2300 eMacrobio
1166 2234 1281 2298 aliisue
1303 2256 1374 2317 per-

229 2342 373 2425 spicitur.
401 2342 586 2406 Luctatium
601 2347 709 2407 autem
725 2365 797 2406 oum
810 2341 982 2425 diligentia
996 2363 1032 2405 ac
1045 2341 1214 2405 literarum
1238 2340 1376 2404 scientia

229 2449 367 2512 nonita
389 2469 509 2532 magna
522 2470 591 2512 rem
615 2470 704 2512 suam
726 2449 842 2532 egisse,
865 2447 961 2512 multi
984 2447 1049 2511 loci
1072 2450 1266 2530 argumento
1290 2448 1375 2509 sunt.

230 2554 276 2618 sic
299 2554 453 2637 legimus:
478 2553 642 2635 ‘Indipes
663 2555 777 2618 dicitnr
799 2553 974 2632 demittens,
997 2557 1150 2634 utsupra
1172 2553 1288 2616 dictam
1310 2550 1375 2633 cst',

230 2682 427 2744 quamquam
450 2681 611 2742 nusquam
634 2659 714 2723 alias
744 2659 925 2742 indigetum
947 2660 1070 2724 mentio
1094 2659 1183 2724 facta
1206 2661 1265 2722 est.
1301 2657 1375 2721 inde

234 2766 380 2850 sequitur
393 2765 562 2830 Placidum
577 2765 637 2829 illa
649 2764 751 2829 uerba
766 2787 805 2828 ex
829 2770 958 2830 auctore
982 2788 1041 2831 suo
1063 2767 1193 2849 integra
1216 2764 1378 2845 asciuisse,

228 2872 293 2936 nisi
315 2871 401 2936 forte
425 2871 568 2956 aliquam
592 2872 736 2956 glossam
759 2871 798 2934 de
821 2871 1019 2956 indigetibus
1043 2867 1198 2954 scriptam
1221 2869 1377 2933 excidisse

231 2963 438 3042 statuendum
462 2982 519 3042 est.
551 2977 793 3062 neque·adduci
815 2999 961 3063 possum,
985 2980 1019 3043 in
1042 2983 1189 3043 ueterum
1212 2974 1306 3040 libris
1329 2976 1378 3038 ita

232 3084 390 3168 scriptum
398 3083 513 3148 fuisse:
529 3082 737 3170 ‘Asstdooq
754 3085 852 3165 cupite
866 3105 976 3169 censos,
991 3083 1138 3166 quinidii
1151 3083 1226 3146 dore
1233 3082 1379 3161 poterunt

229 3191 293 3254 nist
319 3173 459 3274 prolern’,
492 3212 564 3254 cum
595 3211 706 3254 omnes
742 3190 843 3254 ceteri
878 3191 1052 3274 scriptores
1090 3186 1213 3253 assidui
1248 3183 1377 3249 nominc

232 3296 428 3380 locupletem
452 3295 720 3380 significauerint,
748 3297 804 3360 scd
826 3297 936 3379 potius
960 3294 1189 3378 suspicandum
1212 3294 1276 3373 cst,
1304 3311 1378 3352 cum

230 3404 265 3467 in
287 3403 381 3467 libris
401 3402 574 3467 discrimen
588 3403 674 3467 inter
697 3402 843 3466 assiduos
867 3405 900 3466 et
923 3401 1029 3484 capite
1053 3421 1167 3464 censos
1191 3396 1375 3481 expositum

231 3514 329 3588 esset,
353 3508 539 3573 Luctatium
562 3531 612 3572 res
637 3508 886 3572 commiscuisse.

319 3614 381 3680 Pro
410 3613 516 3679 ‘idaco'
548 3615 724 3679 Kettncrus
752 3613 896 3678 restituit
922 3609 1100 3694 ‘aetnam
1132 3606 1314 3674 ‘osculabor'
1339 3609 1372 3671 ct

231 3720 356 3801 ‘fortio'
379 3743 439 3785 nos
463 3722 652 3805 scripsimus
671 3744 730 3804 pro
747 3718 927 3784 ‘iaculabor'
951 3723 984 3783 et
1007 3716 1126 3783 ‘ordint
1155 3737 1235 3800 quae
1259 3714 1376 3779 menda

230 3828 294 3910 ipsi
313 3827 445 3892 Placido
469 3827 642 3891 tribuenda
665 3849 788 3908 censeo,
812 3826 897 3909 quod
919 3823 1077 3888 uocabula
1099 3825 1192 3906 idcce,
1210 3821 1376 3902 anano,

231 3934 318 3998 aben
341 3934 394 3998 his
417 3933 537 4016 literis,
566 3956 586 3996 a
610 3933 726 4016 quibus
749 3932 834 3998 falso
857 3931 1031 4014 incipiunt,
1054 3930 1089 3994 in
1111 3928 1257 4011 utrisque
1281 3925 1375 3990 libris

231 4041 356 4105 inserta
379 4044 463 4104 sunt.
491 4040 557 4103 iam
580 4061 660 4122 quae
684 4039 770 4102 idem
784 4039 907 4131 posuit:
932 4036 1148 4118 ‘Palpttons
1170 4040 1214 4098 est
1235 4034 1290 4113 qut
1308 4032 1377 4094 oni-

231 4167 315 4210 mam
345 4145 448 4211 tradit.
485 4167 561 4209 nom
581 4145 763 4227 potptlrons
790 4166 853 4208 noa
879 4149 922 4208 est
950 4145 1096 4220 latinam,
1113 4144 1213 4222 potest
1235 4145 1335 4202 tameo
1357 4158 1378 4200 o

226 4253 386 4335 penetro
408 4249 533 4334 uentre',
556 4251 605 4314 ita
627 4251 682 4314 uix
705 4253 842 4333 possunt
864 4249 1017 4332 intelligi.
1055 4246 1228 4313 coniecerit
1251 4244 1379 4328 aliquis,

233 4358 273 4422 ab
308 4378 345 4420 eo
379 4339 529 4438 auctore,
557 4378 650 4439 quem
684 4356 859 4440 explicauit
886 4355 1052 4436 Placidus,
1090 4351 1247 4451 scriptum
1278 4350 1378 4414 fuisse
