3208 5090
693 321 733 330 ··-
781 303 832 349 XII
879 323 919 331 ·-

235 443 315 526 ipsis
339 444 461 508 Placidi
484 445 593 508 uerbis
618 444 807 508 consentire.
845 447 879 507 at
904 444 1014 527 quidni
1033 445 1208 528 credamus,
1232 445 1382 510 Plautum

235 553 268 616 et
291 551 398 634 ipsum
426 551 483 615 illa
511 551 669 614 uocabula
695 571 868 632 usurpasse
897 553 930 614 et
954 549 1101 614 Seruium
1125 551 1254 615 eosdem
1277 571 1382 635 gram·

234 656 371 720 maticos
396 659 523 720 ueteres
547 657 664 719 adiisse
689 679 769 739 quos
791 655 981 720 Placidum?
1009 657 1074 720 iam
1099 647 1183 740 quod
1207 658 1291 741 apud
1321 658 1382 720 Lu-

235 761 368 825 ctatium
394 763 550 845 quaedam
574 762 732 826 uocabula
763 761 851 825 uarie
884 763 1006 845 scripta
1038 766 1127 846 sunt,
1160 768 1196 828 ut
1227 763 1382 828 ‘abludunt

235 868 360 950 apludu,
384 889 496 933 aumas
510 889 633 950 caprae,
656 869 768 932 adorco
791 866 921 950 udoria',
945 869 1018 932 inde
1040 889 1108 932 non
1131 870 1285 953 sequitur,
1310 892 1382 933 eum

234 972 360 1054 glossas
385 973 436 1035 ad„
448 974 592 1038 diuersos
616 978 765 1038 auctores
789 974 1046 1056 interpretandos
1071 977 1302 1058 composuisse,
1327 977 1382 1040 sed
1451 981 1456 994 '

234 1099 298 1141 una
328 1100 400 1142 cum
428 1080 635 1162 glossematis
663 1079 787 1144 uariam
817 1081 1011 1163 scripturam
1036 1081 1204 1164 recepisse.
1242 1086 1381 1162 atquae
1467 1147 1469 1150 ,

234 1169 318 1266 apud
347 1171 528 1269 Placidum,
557 1209 752 1270 quamquam
780 1186 941 1268 scriptura
968 1187 1064 1250 huius
1091 1187 1155 1251 loci
1178 1208 1382 1270 nequaquam

233 1293 413 1374 cartafest,
443 1293 489 1356 sic
516 1292 668 1375 leguntur
696 1293 831 1375 scripta:
868 1293 1017 1356 Burroc
1039 1293 1253 1376 curroar‘ue,
1275 1293 1382 1372 fatuae

231 1416 268 1459 ac
289 1398 441 1478 stupidae,
468 1419 489 1462 a
509 1399 619 1479 salardo
641 1401 777 1480 pecudum
806 1399 957 1464 Varronis
979 1400 1125 1477 auctoris,
1154 1420 1247 1480 quoru
1270 1400 1382 1464 burrus

232 1502 409 1584 inscripsit,
443 1505 572 1569 obstare
601 1505 762 1588 uidentur,
796 1505 967 1589 quominus
999 1528 1018 1568 a
1050 1505 1199 1570 Luctatio
1228 1505 1380 1570 Plautum

232 1608 428 1692 explicatum
452 1633 521 1675 esse
551 1611 727 1676 credamus.
767 1634 843 1675 nam
872 1611 903 1675 si
924 1612 1099 1694 originatio
1123 1612 1274 1676 uocabuli
1298 1611 1401 1678 ‘uer-l

231 1714 351 1780 roaias'
379 1719 465 1780 recte
494 1739 527 1780 se
549 1718 683 1802 habeat,
712 1717 844 1782 Plautus
869 1717 924 1801 qui
947 1717 1092 1783 Varrone
1116 1718 1211 1801 longe
1236 1719 1381 1802 superior

231 1820 295 1885 fuit
314 1825 430 1906 aetate,
453 1823 510 1887 illo
534 1847 610 1888 usus
636 1847 704 1890 esse
727 1847 793 1888 non
815 1827 933 1907 potest.
961 1828 995 1887 at
1019 1846 1090 1888 cum
1115 1824 1195 1887 illud
1219 1847 1238 1888 a
1261 1823 1381 1888 ‘uarro'

234 1926 267 1990 id
301 1931 351 1992 est
383 1929 501 1993 stultus
531 1930 582 1992 uel
615 1930 743 2013 ineptus
776 1931 848 1994 duci
880 1930 1011 2012 debeat,
1043 1931 1212 2013 probabile
1244 1930 1380 2012 uidetur,

232 2031 399 2097 Placidum
427 2035 462 2098 in
490 2035 608 2118 glossis
633 2035 775 2118 antiquis
803 2035 883 2099 haee
905 2037 1083 2100 inuenisse:
1112 2036 1273 2100 ‘Borrae
1295 2051 1382 2100 rrrrr‘-

232 2141 374 2223 romae,
395 2141 504 2221 saluae
535 2161 572 2204 oc
602 2139 763 2224 stupiduc',
794 2141 901 2225 ipsum
934 2145 1042 2206 autem
1074 2143 1165 2206 illam
1196 2163 1309 2206 uocem
1342 2143 1382 2206 ad

235 2243 424 2309 Terentium
438 2246 620 2311 Varronem
633 2247 782 2311 retulisse
802 2251 834 2310 et
858 2250 964 2312 cetera
979 2247 1152 2332 effinxisse,
1176 2252 1232 2312 aut
1255 2271 1292 2312 ex
1317 2248 1381 2312 alio

233 2351 391 2435 scriptore
413 2353 473 2417 lras
496 2374 599 2438 nugas
624 2353 794 2417 addidisse.

322 2457 403 2523 Cum
437 2463 546 2524 autem
582 2460 703 2522 multae
741 2461 869 2543 glossae
903 2461 942 2524 ad
979 2460 1105 2525 fabulas
1142 2460 1263 2544 Plauti,
1301 2483 1383 2544 quac

235 2564 419 2644 etiamnunc
444 2567 584 2648 exstant,
616 2564 729 2629 referri
756 2570 931 2650 nequeant,
967 2566 1071 2631 fucere
1100 2589 1165 2630 non
1202 2589 1383 2650 possumus,

186 2735 188 2738 .
234 2669 312 2753 quin
340 2693 393 2736 eas
421 2671 557 2755 perditis
586 2670 695 2736 Plauti
723 2671 841 2737 fabulis
870 2674 938 2737 siue
962 2673 1067 2738 dubiis
1092 2673 1160 2737 siue
1185 2674 1303 2756 spuriis
1326 2675 1382 2738 tri-

208 2776 377 2841 -buamus
424 2777 580 2861 quaedam
608 2781 718 2841 tamen
746 2779 786 2843 ad
814 2773 962 2863 tempo'ra
988 2779 1142 2844 Plautina
1169 2781 1257 2844 nullo
1285 2783 1381 2846 modo

232 2884 378 2948 reuocari
392 2889 539 2968 possunt,
552 2885 643 2950 uelut
658 2883 832 2970 ‘raucaque
846 2887 1029 2970 umbrosam,
1042 2889 1217 2970 priuilcpiu,
1240 2888 1381 2952 romum'.

233 2989 298 3053 alia
326 2995 382 3054 aut
411 2990 553 3074 antiquis
582 2993 824 3056 commentariis
854 2992 1015 3057 Plautinis
1044 2991 1168 3057 interita
1197 2992 1297 3057 fuisse
1326 2997 1382 3058 aut
1463 2978 1467 2986 ¹

233 3093 357 3158 Placidi
384 3096 477 3161 libris
507 3097 705 3161 extrinsecus
730 3099 855 3162 adiecta
877 3099 1028 3163 uidentur
1051 3121 1132 3181 esse,
1155 3102 1192 3162 ut
1215 3097 1381 3182 ‘cantepia

231 3201 404 3266 commulc'.
431 3197 595 3286 postremo
607 3226 687 3286 quae
703 3227 727 3267 s.
742 3227 771 3267 u.
783 3203 905 3284 ‘saclas'
921 3208 1121 3287 enarrantur,
1137 3204 1164 3268 si
1178 3203 1274 3268 modo
1283 3206 1381 3271 lectio

233 3328 312 3370 sana
336 3307 387 3391 sit,
416 3331 598 3373 sermonem
622 3310 740 3374 aetatis
762 3309 913 3374 barbaric
936 3311 1003 3375 ianr
1026 3309 1205 3374 infuscatae
1228 3309 1381 3377 indicant.

322 3412 472 3480 Ceterum
499 3415 580 3479 haec
609 3418 717 3482 omnia
745 3417 783 3480 dc
810 3416 876 3480 illis
904 3419 1032 3480 tantum
1060 3415 1178 3498 glossis
1202 3417 1288 3482 dicta
1311 3441 1381 3484 esse

233 3520 396 3602 uolumus,
424 3543 505 3604 quae
533 3522 625 3586 libris
649 3522 774 3587 Placidi
801 3523 1017 3587 continentur.
1053 3522 1245 3587 ueniendum
1269 3529 1318 3590 est
1342 3527 1381 3590 ad

233 3648 271 3691 ea
302 3624 512 3711 glossemata,
546 3650 627 3712 quae
663 3629 699 3692 in
726 3629 811 3693 libro
845 3629 1025 3712 glossarum
1057 3632 1226 3712 tamquam
1258 3631 1381 3696 Placidi

231 3733 364 3816 propria
394 3735 562 3798 adduntur.
606 3757 742 3819 quornm
770 3735 911 3819 plurima
942 3735 1021 3817 quin
1049 3753 1115 3799 non
1148 3736 1186 3799 ad
1219 3736 1380 3821 Plautum,

233 3839 288 3902 sed
318 3840 358 3904 ad
385 3841 467 3907 alios
497 3845 643 3907 auctores
671 3842 869 3925 pertineant,
904 3862 970 3904 non
997 3845 1047 3905 est
1075 3842 1160 3925 quod
1189 3843 1382 3908 dubitemus.

234 3947 353 4012 multae
387 3953 463 4014 sunt
495 3950 624 4033 glossae
657 3947 874 4032 Virgilianae,
905 3948 995 4012 uelut
1028 3948 1078 4014 ‘ab
1109 3951 1184 4031 ulto,
1216 3950 1381 4027 adtonitus,

232 4071 354 4139 aspero,
377 4055 546 4139 caelicolae,
570 4055 718 4136 cornuria
746 4075 864 4139 copore,
894 4053 1044 4138 chalybes,
1069 4055 1224 4133 concilim,
1248 4054 1380 4137 confieri,

231 4160 385 4244 contiuuo,
408 4160 550 4227 coaucro'
570 4166 629 4226 etc.
658 4161 743 4242 aliis,
767 4183 902 4244 quarum
925 4183 1076 4225 numerus
1098 4159 1289 4243 Virgilianis
1312 4158 1380 4223 fere

230 4283 291 4344 par
314 4270 376 4350 est,
399 4290 450 4334 res
474 4269 513 4332 ad
529 4267 779 4352 grammaticam
801 4268 999 4350 pertinentes
1023 4268 1219 4332 definiuntur
1241 4267 1379 4350 plerum·

232 4390 293 4452 que
320 4371 524 4458 breuissime,
552 4377 588 4439 ut
616 4373 779 4457 ‘uacarios
806 4375 1010 4457 uuodrplosis,
1040 4373 1381 4457 marcomanicum,
