3208 5090
709 297 916 342 „IV-..-

236 435 293 498 ubi
308 406 484 519 coniunxit,
507 437 638 519 quaein
656 436 750 501 libris
770 433 969 521 sepa’rantur,
992 438 1080 501 utin
1104 436 1284 522 ‘mulciture
1306 440 1384 503 mul-

235 541 364 624 eitutor',
396 542 449 605 uel
481 541 537 606 ubi
569 543 663 625 quasi
690 543 827 607 laciniae
843 544 1039 628 'glossarum
1068 547 1252 627 supersunt,
1283 548 1320 608 ut
1352 545 1386 608 in

237 645 476 727 ‘eusebiltuuera
498 648 638 732 medtpu'.
665 649 717 713 his
741 651 890 714 omnibus
915 650 948 712 in
972 650 1053 714 loeis
1074 647 1099 713 O
1123 654 1156 714 et
1180 649 1220 714 ab
1245 650 1386 715 editione

235 752 368 818 Maiana
386 754 494 819 differt
512 760 545 820 et
563 777 635 819 cum
654 755 761 820 codice
780 755 1021 839 Hamburgensi
1040 751 1111 841 (H),
1134 757 1172 820 de
1191 779 1254 840 quo
1273 758 1386 821 statim

236 858 387 943 dicemus,
405 861 543 925 maxime
563 862 733 926 consentit.
769 862 823 925 hie
846 862 930 926 liber
951 865 987 926 ut
1010 863 1155 926 omnium
1175 867 1225 926 est
1243 863 1385 945 optimus

234 966 282 1030 ita
305 967 439 1050 reliquis
463 966 598 1050 plenior,
616 989 693 1032 uam
711 989 863 1031 numerus
883 968 1066 1051 glossarum
1085 990 1124 1032 ex
1144 990 1181 1032 eo
1200 969 1252 1032 his
1272 973 1385 1034 auctus

236 1076 301 1136 est:
326 1072 564 1158 ‘aristophanes
587 1079 740 1155 accurate,
763 1095 897 1157 speruus,
921 1074 1089 1158 babilonie,
1113 1075 1265 1158 deuiuru,
1287 1076 1385 1158 critic,

234 1181 365 1258 facetus,
401 1181 613 1264 subsistentia,
650 1178 757 1246 tteos’:
795 1202 931 1264 quarum
968 1201 1007 1243 ex
1038 1202 1174 1245 numero
1208 1180 1319 1245 ‘esitio'
1353 1185 1386 1245 et

236 1285 374 1365 ‘facetus'
394 1309 433 1350 ex
453 1285 641 1366 ‘familiario'
661 1290 693 1350 et
712 1284 853 1367 ‘lepidus'
873 1289 1044 1369 excerptae
1064 1291 1148 1369 sunt,
1168 1286 1384 1352 ‘subsistentia'

179 1419 182 1426 ·
235 1392 295 1456 illa
310 1392 446 1475 ,quidem
470 1416 500 1472 a,
512 1392 599 1458 Maio
623 1393 738 1475 allata,
767 1392 880 1455 sedin
904 1389 963 1455 GH
988 1395 1022 1460 ut
1045 1390 1266 1475 fragmentum
1289 1394 1386 1477 quod-

235 1499 309 1562 dam
332 1499 450 1562 iterum
473 1500 581 1582 posita
601 1503 660 1564 est.
696 1497 841 1582 ‘upuuue'
866 1502 922 1562 aut
944 1498 1030 1561 idem
1052 1503 1103 1563 est
1126 1499 1211 1581 quod
1235 1498 1384 1582 ‘upiuem'

236 1608 292 1668 aut
314 1627 374 1687 pro
399 1579 855 1687 ‘opinatorem’'eorruprum.»

325 1711 466 1774 Eaedem
499 1734 601 1776 nouae
635 1712 764 1796 glossae
796 1711 875 1774 item
909 1715 1039 1775 exstant
1069 1711 1103 1774 111
1131 1697 1239 1777 codiee
1271 1711 1385 1776 Ham-

235 1817 421 1900 burgeusi
453 1815 513 1902 (H)
540 1816 643 1881 chart.
671 1839 695 1880 s.
725 1815 810 1900 XV.,
839 1839 877 1880 ex
907 1839 969 1900 quo
1002 1817 1134 1901 insuper
1166 1819 1249 1882 aliae
1281 1841 1385 1884 nouae

237 1929 456 1988 accesserunt:
490 1922 662 2000 ‘caelitum
694 1944 841 2000 cuuuusu,
872 1924 1032 2008 cussieule,
1064 1926 1199 2007 usaue,
1231 1927 1384 2004 concorde,

237 2029 468 2112 desepe'seeutes',
487 2029 602 2092 desunt
621 2032 729 2092 autem
751 2029 946 2109 ‘ueuuqueuu
968 2031 1121 2112 eouucbiu,
1140 2032 1255 2114 deuius,
1278 2031 1385 2096 eruui'.

323 2135 457 2200 Praeter
484 2135 545 2198 hos
573 2135 697 2198 codices
725 2135 835 2218 plures
863 2133 986 2197 Romae
1016 2138 1085 2198 tam
1117 2136 1152 2197 in
1184 2135 1384 2201 bibliotheca

236 2243 397 2308 Vaticana
408 2263 504 2326 qnam
514 2241 550 2303 111
560 2240 634 2304 11111
645 2241 783 2305 inueniri
794 2240 1003 2305 Guilelmus
1019 2241 1191 2323 Meyeuus
1203 2263 1261 2305 nos
1276 2243 1386 2307 docuit

235 2353 268 2413 et
282 2349 439 2432 suspicari
456 2347 541 2429 licet,
560 2347 642 2412 alios
658 2346 731 2411 aliis
750 2347 784 2410 in
802 2347 882 2410 loeis
901 2346 1012 2410 latere.
1045 2346 1100 2409 sed
1119 2346 1242 2414 Placidi
1256 2350 1385 2433 glossae
1420 2379 1423 2384 ·

234 2479 299 2520 non
327 2455 431 2519 solum
460 2454 600 2537 propriis
628 2453 736 2536 libris,
768 2475 964 2536 quamquam
991 2453 1057 2516 iam
1086 2452 1138 2516 his
1171 2454 1296 2519 alienae
1328 2456 1386 2518 im-

236 2563 356 2625 mixtae
389 2561 551 2644 uidentur,
584 2561 624 2624 ad
657 2563 798 2623 aetatem
832 2562 980 2623 nostram
1012 2564 1241 2643 peruenerunt,
1273 2584 1385 2625 uerum
1427 2634 1430 2642 ⁸

236 2669 335 2732 etiam
350 2690 423 2731 cum
438 2666 512 2731 11111
528 2667 646 2751 glossis
662 2666 856 2730 commixtae
876 2669 909 2729 et
927 2665 1021 2748 quasi
1040 2666 1074 2728 in
1093 2687 1209 2748 eorpus
1228 2667 1385 2731 redactae.

235 2775 330 2838 huius
364 2773 492 2857 generis
529 2773 688 2837 librorum
726 2771 901 2855 primarius
934 2776 984 2835 est
1021 2772 1076 2855 qui
1112 2777 1248 2836 uocatur
1284 2774 1385 2838 liber

235 2882 467 2966 glossarum,
491 2880 581 2944 euius
601 2882 713 2943 extant
732 2878 879 2961 exempla
894 2879 1066 2942 admodum
1084 2883 1222 2943 uetusta.
1250 2880 1385 2963 codices,

235 2989 351 3070 quibus
375 3009 434 3051 nos
458 2987 508 3049 usi
537 3008 660 3068 sumus,
688 2986 723 3048 hi
747 2988 835 3050 sunt:
864 2983 1073 3048 Beruensis
1096 2981 1147 3071 (b)
1169 3007 1256 3048 num.
1282 2986 1331 3049 16.
1360 3007 1385 3048 1.

234 3091 294 3176 IX,
322 3094 377 3176 qui
402 3094 451 3156 est
478 3092 602 3175 primus
631 3096 663 3155 et
690 3096 835 3174 tempore
863 3095 896 3154 et
924 3091 1083 3174 dignitate
1107 3090 1298 3174 censendus,
1330 3092 1385 3156 sed

235 3221 300 3263 non
315 3199 443 3282 glossas
458 3198 560 3264 hebet
573 3198 637 3262 nisi
661 3199 700 3262 ad
724 3199 863 3280 quinque
882 3197 1003 3284 primes
1027 3196 1154 3260 litteras
1178 3198 1385 3280 pertinentes.

235 3305 505 3370 Vercellensis
530 3303 579 3391 (v)
604 3327 691 3368 num.
720 3305 819 3368 621.
847 3302 877 3366 X
908 3325 1010 3385 paene
1034 3302 1174 3385 integer,
1203 3303 1258 3366 sed
1281 3306 1385 3368 multo

235 3412 419 3476 mendosior
439 3415 488 3476 est
502 3410 669 3492 Beruensi,
693 3411 749 3494 qui
772 3414 805 3474 et
828 3409 897 3492 ipse
921 3409 1010 3472 uitiis
1035 3411 1147 3472 scatet.
1180 3409 1384 3475 Palatinus

235 3515 285 3602 (p)
308 3538 395 3580 num.
425 3518 519 3581 1113.
548 3541 572 3580 s.
600 3515 630 3579 X
658 3517 710 3580 uel
738 3515 798 3598 XI,
827 3538 865 3580 ex
894 3537 956 3598 quo
975 3515 1082 3578 Maius
1107 3515 1328 3586 additamenta
1352 3522 1384 3582 et

235 3623 475 3704 emendationes
505 3623 688 3706 glossarum
716 3623 751 3686 in
779 3620 882 3686 Class.
912 3625 994 3685 auct.
1023 3625 1045 3698 1.
1073 3620 1129 3683 Vl.
1152 3645 1183 3705 p.
1207 3623 1383 3688 sse-574

221 3730 403 3813 decerpsit.
440 3729 744 3812 Bambergensis
773 3726 821 3814 (a)
850 3751 873 3791 s.
897 3726 940 3809 X,
969 3727 1023 3810 qui
1046 3727 1159 3791 multis
1183 3729 1264 3793 locis
1288 3732 1383 3794 muti-

233 3837 319 3928 latus
348 3839 398 3899 est
425 3857 528 3919 neque
557 3838 726 3899 auctorum
753 3835 886 3900 nomina
913 3833 1075 3917 adscripta
1103 3834 1212 3899 habet.
1253 3836 1382 3901 Mona-

235 3943 363 4006 censis
388 3939 449 4027 (m)
472 3963 560 4004 num.
596 3942 712 4004 14429.
747 3964 771 4006 s.
797 3940 828 4005 X
855 3941 907 4005 uel
938 3939 997 4023 XI,
1031 3941 1084 4024 qui
1118 3963 1192 4005 cum
1224 3942 1317 4006 ualde
1350 3943 1383 4006 in

235 4053 409 4132 angustum
429 4048 473 4112 sit
491 4051 688 4129 contractus,
712 4048 835 4111 multae
849 4047 972 4111 Placidi
991 4048 1120 4131 glossae
1140 4048 1174 4110 in
1198 4070 1234 4111 eo
1259 4049 1382 4131 desunt,

235 4155 319 4218 aliae
343 4155 510 4220 breuiatae
534 4157 618 4218 sunt.
652 4155 789 4237 deniqne
812 4152 1061 4217 Monacenses
1084 4175 1170 4217 num.
1197 4153 1313 4217 13302.
1336 4151 1381 4238 (1)

206 4265 268 4324 .11
296 4261 415 4326 22201.
442 4257 515 4347 (w),
542 4281 679 4344 quorum
707 4260 761 4324 ille
792 4283 819 4323 a.
846 4260 949 4344 1158,
976 4260 1030 4324 hic
1058 4283 1085 4324 a.
1112 4259 1205 4324 1165.
1242 4260 1382 4343 scriptus

234 4370 293 4431 est.
330 4370 380 4430 est
403 4371 512 4431 autem
535 4370 670 4449 uterque
698 4367 879 4450 exemplum
907 4367 1014 4450 lexici,
1043 4367 1128 4451 quod
1151 4371 1269 4431 uocant
1293 4365 1382 4434 Salo·
