3208 5090
805 278 848 344 84
897 315 934 322 -

250 438 556 524 Tempestiuum,
579 443 807 521 opportunum.
920 464 922 468 ¹

250 529 410 614 Turget,
433 531 553 613 tumet,
576 527 741 611 irascitur,
764 525 905 590 inflatur.

250 617 364 702 Trux,
387 639 513 681 saeuus
643 700 644 703 Ἴ

249 706 417 792 †stes,
441 702 548 789 cruor,
572 705 713 788 sanguis.

222 794 366 879 sTabe,
402 795 530 877 morbo,
567 793 683 878 macie,
725 792 937 876 aegritudine.
986 793 1159 857 tabescunt
1199 794 1298 877 enim,
1342 795 1400 877 qui

293 885 395 948 nimio
419 885 575 966 languore
600 881 640 946 ed
664 882 800 964 masiem
823 883 966 945 ueniunt.

249 974 376 1038 Tenax
400 976 450 1036 est
472 973 559 1035 inter
583 993 716 1035 suarum
740 975 773 1034 et
796 970 1123 1053 medioerogantem.

611 1181 739 1249 Glossoe
755 1204 814 1266 per
843 1184 874 1248 V
893 1185 1035 1257 litteram.

250 1325 431 1391 Vernalis
468 1325 619 1391 fruetus
662 1325 768 1409 magis
806 1319 903 1409 quam
945 1325 1102 1389 ‘uernilis'
1140 1325 1397 1392 consideratione

210 1437 236 1477 ιο
295 1415 432 1480 aliorum
464 1437 503 1479 ex
530 1414 731 1498 temporibus
760 1414 997 1479 deriuationum
1028 1415 1133 1478 dicere
1165 1412 1328 1498 debemus,
1359 1418 1398 1479 ut

295 1504 508 1586 autumnalis,
530 1503 679 1568 hiemalis
686 1554 694 1587 ⁷
718 1503 895 1567 aestiualis.

249 1591 362 1656 Vltro
391 1593 582 1677 citroque,
609 1592 672 1657 huo
696 1599 793 1676 atque
816 1592 901 1656 illue.
935 1593 1016 1656 oitro
1041 1591 1082 1656 ad
1103 1614 1177 1675 noo,
1200 1593 1287 1656 ultro
1311 1593 1396 1657 illue.

250 1680 525 1764 Virgultorum
552 1682 585 1745 id
614 1684 664 1745 est
691 1681 858 1765 uirgarum
886 1681 938 1744 uel
965 1680 1220 1745 humillimorum
1244 1681 1397 1746 arborum

295 1789 422 1852 genera.
483 1770 496 1794 '

210 1879 235 1918 15
250 1857 439 1943 Vernilis,
475 1858 629 1924 subdolus
666 1861 699 1923 et
735 1859 839 1923 malus
876 1860 910 1922 et
947 1858 1086 1922 seruilis,
1136 1858 1218 1921 unde
1255 1880 1397 1922 uernae

294 1947 444 2012 dicuntur
476 1946 575 2032 serni,
607 1947 662 2030 qui
694 1947 782 2012 domi
813 1950 998 2012 naseuntur.
1039 1947 1210 2011 uernalis
1239 1951 1348 2011 autem
1376 1970 1397 2010 a
1424 1999 1427 2006 .

295 2058 393 2100 uerno
417 2038 562 2120 tempore
586 2036 700 2100 dietus.

323 2325 336 2371 1
357 2317 568 2386 Tempestiuum
592 2318 630 2372 G:
657 2318 835 2386 Tempestum
861 2318 889 2370 P
904 2321 906 2381 l
923 2335 941 2371 a
962 2321 1089 2387 tempore
1108 2318 1213 2372 dietum
1234 2316 1343 2372 audo

249 2396 265 2442 3
285 2405 382 2443 suenus
403 2388 426 2442 0
519 2395 535 2442 4
554 2405 634 2442 eruor
653 2391 678 2442 G
697 2394 722 2442 et
739 2391 818 2456 ploos.
838 2391 923 2443 Istat:
942 2389 1025 2443 arbor
1045 2388 1078 2458 0,
1098 2390 1180 2444 orbor
1197 2388 1225 2441 R
1243 2403 1338 2458 murpo
1357 2387 1394 2453 H,

219 2500 221 2505 ,
248 2460 333 2514 rubor
351 2461 400 2528 Hl
417 2459 531 2528 sanguis
552 2459 604 2513 PG
622 2462 701 2528 gloss.
722 2461 809 2514 Istat:
837 2460 980 2530 sanguinis
998 2461 1066 2529 HR,
1089 2477 1186 2514 cruore
1209 2459 1352 2529 sanguinis
1370 2459 1395 2512 G

250 2532 306 2584 olio
324 2533 389 2584 loeo.
407 2533 471 2598 fort.
492 2531 582 2598 rabo,
602 2547 711 2597 cruore,
730 2531 874 2600 sauguine.
947 2539 962 2585 6
982 2536 1032 2586 unt
1050 2531 1139 2585 macie
1161 2531 1205 2595 ΡΙ
1224 2531 1356 2585 eueniunt
1375 2529 1398 2583 0

250 2603 448 2670 'derogantem
467 2601 509 2656 H:
529 2605 705 2670 arrogantem
724 2601 752 2655 R
769 2619 864 2671 margo
882 2602 917 2655 H
993 2609 1008 2656 9
1028 2602 1156 2656 Vernalis
1175 2602 1212 2655 G:
1232 2601 1346 2656 Venalis
1366 2600 1394 2668 0,

249 2673 375 2726 Venialis
403 2673 445 2739 Η,
476 2672 611 2726 Vernales
635 2672 663 2725 R
684 2676 687 2742 Ι
708 2672 824 2727 uernilie
852 2673 891 2727 G:
920 2673 1041 2728 uernolis
1070 2673 1134 2741 ΘΗ,
1162 2673 1289 2726 uernales
1315 2672 1342 2724 R

251 2750 284 2797 12
303 2744 385 2797 Vltro
403 2744 563 2812 citraqueo
656 2751 689 2798 15
708 2744 831 2799 Vernilis
850 2745 890 2799 G:
910 2743 1048 2798 Vernulus
1069 2745 1115 2812 ΡΙ
1131 2745 1222 2798 malus
1240 2743 1348 2798 seruilis
1369 2742 1397 2794 P

252 2822 283 2870 16
303 2817 397 2870 sutem
417 2816 454 2868 G:
474 2831 523 2869 orn.
545 2815 573 2867 P
681 2821 712 2869 17
732 2814 823 2870 dictus
843 2815 876 2870 0:
900 2814 1003 2872 dieitur
1022 2837 1051 2871 ω,
1070 2816 1235 2884 subscriptio
1253 2816 1286 2868 io
1306 2813 1394 2868 Uest:

251 2886 365 2940 Finiunt
382 2887 491 2956 glossae
509 2887 589 2940 Lnot.
610 2887 683 2942 Plao.
704 2887 888 2956 grammatici.

321 3017 336 3064 2
355 3010 460 3079 turget]
477 3010 573 3064 Ptout.
589 3010 649 3065 Cos.
670 3016 765 3077 2‚5‚17.
786 3011 870 3064 Most.
886 3017 982 3077 3‚2‚1o.
1054 3018 1070 3064 3
1089 3011 1165 3081 trux]
1183 3010 1279 3064 Ptout.
1294 3010 1394 3063 Bacch.

249 3087 346 3150 5‚2,29.
365 3083 457 3135 truces
547 3088 564 3136 4
582 3083 674 3152 tabes]
696 3082 773 3136 Sero.
792 3083 862 3136 Aeo.
882 3089 951 3149 329.
989 3081 1080 3145 Tabe,
1101 3083 1232 3151 corrupto
1251 3081 1395 3150 sangnine.

250 3156 279 3206 et
301 3155 344 3207 est
366 3168 467 3206 nomen
491 3170 570 3208 ossus
594 3153 707 3222 septimi
728 3155 852 3219 tontum,
875 3156 908 3208 ut
930 3156 995 3208 sunt
1020 3153 1131 3222 ‘sponte
1154 3153 1243 3208 nutu’.
1279 3150 1396 3220 quodsi

249 3222 320 3277 uelis
338 3223 487 3291 declinare,
508 3223 589 3278 ‘haee
607 3226 687 3278 tabes
705 3223 787 3278 huius
805 3225 890 3279 tubis’
912 3225 993 3279 dices.
1080 3232 1095 3278 o
1115 3224 1192 3294 tabe]
1213 3223 1287 3278 Fest.
1307 3228 1394 3289 3593.

249 3301 265 3348 7
284 3294 380 3364 tenax]
403 3294 499 3349 Ptoot.
516 3293 594 3363 Oopt.
609 3301 704 3360 2239.
725 3297 796 3350 isid.
814 3301 918 3364 10368.
947 3296 1051 3363 Tenon,
1070 3295 1148 3351 numi
1167 3294 1302 3364 cupidior,
1321 3293 1396 3362 quod

248 3368 352 3419 tenent,
465 3371 497 3418 12
516 3365 590 3420 ultro
609 3367 746 3437 citroque]
773 3367 861 3420 Prisc.
881 3367 931 3420 XV
951 3371 1037 3434 1221.
1055 3367 1094 3420 K.
1113 3367 1138 3420 A
1157 3367 1196 3421 ois
1216 3367 1298 3434 citro,
1322 3365 1395 3418 unde

251 3435 336 3490 ‘ultro
355 3435 503 3503 nitroque'.
