3208 5090
676 302 713 312 -·
762 283 850 330 XVIII
899 302 936 310 -

232 423 404 509 perperam
441 425 587 490 additum
627 427 687 490 est.
723 424 787 490 hcc
824 425 860 490 in
890 426 962 489 loco
991 425 1100 489 omnia
1130 425 1197 489 fere
1223 425 1379 508 interpre·
1487 518 1489 524 Α

231 531 350 596 tatiani
378 530 503 625 Placidi
530 533 739 615 conueniunt,
766 531 831 596 nisi
860 532 946 615 quod
974 531 1009 595 in
1031 530 1158 596 Placidi
1180 531 1274 595 libris
1297 531 1378 594 haec

232 637 279 701 sic
292 637 446 721 leguntur
460 639 595 722 scripta:
619 637 679 702 ‘tn'o
700 637 788 719 clepit
808 639 845 702 de
866 639 998 703 ennato
1021 657 1077 702 sno
1095 637 1228 703 seniores
1250 641 1378 715 centnm,

231 763 305 825 qnos
335 749 487 809 senatores
518 741 708 827 appellanit’,
743 743 779 807 in
815 743 985 827 glossariis
1019 746 1127 808 autem
1165 743 1225 807 sic:
1262 741 1326 807 ‘isti
1357 763 1379 806 a

230 849 363 915 Rornnto
386 851 470 915 electi
491 831 565 914 seint
585 855 704 915 oentnn
723 869 761 920 ee
776 849 908 932 populo,
930 851 985 932 qni
1007 849 1042 914 ob
1064 855 1194 914 octenni
1216 854 1378 930 senatores,

231 957 267 1020 ot
289 957 525 1021 sirnititndinern
539 960 745 1038 onraepatres
767 955 915 1038 appellati
927 960 1012 1034 sant,
1035 977 1068 1020 eo
1090 957 1172 1038 qnod
1192 955 1272 1021 siant
1287 959 1380 1037 pater

230 1062 307 1144 ntis
333 1063 379 1127 ita
400 1064 602 1145 prouiderent
627 1060 830 1145 reipublicae'.
872 1061 1020 1145 equidem
1047 1084 1113 1126 non
1145 1062 1271 1146 dubita,
1300 1061 1378 1145 quin

231 1168 292 1233 hic
312 1169 466 1252 glossarii
495 1169 607 1252 magni
635 1168 724 1232 locus
753 1168 793 1232 ad
817 1165 1020 1251 Suetonium,
1050 1189 1088 1232 ex
1112 1189 1174 1251 quo
1198 1169 1231 1231 ct
1254 1167 1319 1231 alia
1342 1167 1377 1231 in

202 1268 304 1339 'eum
318 1276 440 1339 librum
454 1275 616 1340 translata
631 1276 714 1357 sunt,
737 1273 923 1338 referendus
947 1277 980 1337 et
1003 1272 1154 1338 Placidus
1178 1273 1226 1346 ibi
1250 1295 1378 1357 quoque

231 1380 379 1446 Suetonii
401 1382 568 1446 breuiator
591 1381 635 1445 sit
657 1380 830 1468 putandus.
865 1381 931 1443 iam
954 1401 1031 1444 uero
1055 1379 1243 1464 Eutropius,
1267 1380 1322 1463 qui
1345 1383 1379 1444 et

229 1489 299 1572 ipse
328 1510 423 1571 saepe
452 1486 645 1553 Suetonium
675 1486 860 1570 exscripsit,
886 1487 1043 1551 nonnulla
1064 1487 1186 1550 eisdem
1208 1485 1318 1550 uerbis
1341 1507 1378 1551 ac
1510 1495 1521 1503 ”

230 1593 382 1658 Placidus
405 1593 530 1677 profert
554 1589 598 1677 (1,
612 1590 656 1678 2.)
682 1597 715 1657 et
737 1592 881 1658 Isidorus
901 1582 931 1678 9,
949 1593 1047 1677 4,12.
1078 1597 1225 1657 extrema
1248 1593 1377 1676 glossae

229 1705 323 1783 parte
353 1700 468 1764 allata.
487 1697 568 1780 haec
601 1698 705 1762 addit:
742 1697 899 1780 ‘anamais
931 1705 1033 1764 actm
1065 1700 1221 1765 senatoria
1251 1701 1379 1782 prisone

229 1807 347 1888 oripine
378 1811 463 1884 esset,
499 1826 593 1888 nsqrre
620 1807 663 1870 ad
690 1806 839 1888 lepitirnos
872 1826 971 1871 annos
1002 1825 1091 1887 mnes
1121 1825 1271 1872 romanas
1302 1811 1377 1885 erat,

229 1914 337 1978 deinde
363 1913 531 1994 accipiebat
559 1912 705 1977 tonorern
731 1915 904 1977 senatoriae
935 1909 1118 1995 dipnitatis'.
1154 1911 1234 1976 haec
1266 1913 1376 1977 uerbis

230 2019 495 2084 antecedentibus
528 2022 597 2083 tam
630 2022 718 2083 arcte
751 2019 923 2083 coniuncta
960 2021 1048 2100 sunt,
1084 2022 1121 2084 ut
1156 2019 1212 2082 uix
1248 2018 1377 2082 aliunde

229 2124 348 2189 hausta
375 2124 479 2188 uideri
506 2124 643 2208 possint.
684 2123 760 2192 hine
794 2124 954 2207 sequitur,
983 2145 1094 2187 omncs
1124 2145 1204 2207 quos
1237 2123 1376 2189 diximus

230 2230 403 2314 scriptores
419 2251 458 2294 ex
471 2253 535 2294 uno
551 2234 681 2295 auctore
695 2230 728 2294 id
743 2233 793 2294 est
808 2251 825 2292 e
840 2227 995 2294 Suetonio
1015 2229 1116 2293 alium
1137 2230 1203 2294 alia
1217 2230 1376 2296 hausisse.

318 2336 368 2400 De
383 2336 566 2401 differentia
583 2337 669 2401 inter
687 2338 874 2401 innentntern
898 2339 931 2399 et
952 2337 1140 2400 innentatern
1163 2341 1196 2401 et
1218 2337 1377 2402 innentarn

141 2475 145 2482 ·
230 2441 380 2524 Placidus
404 2446 438 2506 et
462 2441 593 2508 Seruius
616 2442 697 2507 Aen.
723 2444 750 2526 1,
765 2441 839 2506 590.
868 2444 900 2504 et
914 2440 1059 2506 Isidorus
1074 2442 1114 2506 D.
1128 2441 1168 2506 V.
1191 2443 1257 2508 310
1280 2465 1384 2527 quam¹

231 2548 400 2612 simillima
422 2547 636 2631 tradiderunt,
659 2548 706 2612 ita
720 2547 913 2632 quibusdam
937 2551 970 2611 et
992 2547 1089 2612 rebus
1113 2551 1147 2611 et
1167 2549 1276 2616 uerbis
1292 2550 1377 2614 inter

231 2675 264 2717 se
293 2654 491 2737 differentes,
521 2657 558 2718 ut
585 2655 747 2719 neminem
777 2676 815 2718 ex
848 2653 965 2719 altero·
983 2654 1039 2718 sed
1066 2675 1178 2719 omnes
1202 2677 1241 2721 ex
1265 2657 1377 2721 eodem

230 2763 362 2825 auctore
385 2758 532 2839 hausisse
557 2765 720 2844 appareat.
1223 2833 1227 2840 ,

320 2865 355 2932 Si
378 2866 740 2934 Reifferscheidius
763 2873 850 2934 recte
869 2867 999 2951 statuit,
1021 2867 1122 2932 uerba
1144 2867 1262 2933 Isidori
1284 2869 1325 2934 N.
1338 2869 1377 2934 R.

235 2973 285 3057 12,
300 2975 342 3038 3.:
367 2963 503 3038 ‘altino
525 2975 617 3039 cordo
637 2976 687 3041 net
703 2989 783 3058 pars
805 2975 890 3058 caeti,
912 2975 1054 3039 ntolirna
1075 2974 1222 3039 orientale
1244 2977 1378 3040 etotirna

230 3077 461 3163 rneridiannrn',
475 3101 515 3143 ex
539 3078 685 3146 Suetonii
708 3082 814 3164 pratis
836 3083 988 3164 decerpta
1011 3103 1094 3164 esse,
1116 3080 1243 3145 Placidi
1266 3081 1378 3165 glossa

231 3186 269 3248 de
303 3185 434 3250 climate
467 3187 648 3270 composita
680 3186 720 3250 ad
753 3188 888 3252 eundem
922 3191 1086 3252 auctorem
1118 3186 1286 3251 referenda
1318 3192 1377 3253 est.

230 3295 395 3375 postremo
419 3314 501 3376 quae
520 3291 664 3357 Isidorus
688 3293 727 3357 de
742 3294 913 3376 cuniculis,
926 3293 1042 3373 xlacteo
1067 3292 1200 3375 circulo,
1225 3294 1377 3378 coturnis,

231 3399 330 3462 mitra
354 3398 491 3482 aliisque
510 3399 549 3463 de
568 3400 664 3463 rebus
678 3398 789 3482 tradit,
812 3399 871 3462 illa
886 3399 1014 3483 quidem
1029 3419 1101 3462 cum
1118 3399 1237 3481 glossis
1252 3400 1377 3466 Placidi

232 3505 450 3588 consentiunt,
479 3505 535 3570 sed
567 3506 724 3590 quasdam
756 3504 989 3587 discrepantias
1020 3505 1143 3569 habent
1176 3507 1217 3592 ab
1250 3506 1376 3574 Isidoro

231 3610 287 3675 uix
314 3610 491 3694 profectas,
518 3615 555 3676 ut
584 3633 651 3676 non
678 3612 722 3676 sit
750 3611 925 3676 absurdum
953 3610 1114 3695 conicere,
1137 3616 1310 3698 utrumque
1334 3615 1376 3680 ab

232 3717 345 3782 eodem
368 3720 499 3783 auctore
523 3718 557 3783 id
579 3721 630 3783 est
652 3741 672 3782 a
696 3716 852 3783 Suetonio
875 3719 1022 3801 pendere.

320 3822 432 3908 Neque
460 3846 536 3889 uero
566 3825 681 3888 desunt
708 3824 786 3908 loci,
814 3825 849 3888 in
876 3824 993 3909 quibus
1017 3824 1143 3890 Placidi
1164 3847 1238 3890 cum
1262 3825 1375 3892 Seruio

233 3930 276 3995 sit
300 3931 412 4015 aliqua
433 3930 674 4014 propinquitas,
697 3954 728 3995 u.
750 3932 850 3996 ancile
873 3954 923 4014 ap.
947 3929 1037 3997 Seru.
1060 3930 1140 3996 Aen.
1156 3933 1185 4016 8,
1201 3933 1284 4017 664,
1306 3933 1375 3997 ani·

232 4038 328 4102 rnales
350 4037 466 4102 hostiae
483 4035 563 4101 Aen.
582 4037 612 4120 3,
627 4037 710 4121 231,
733 4037 860 4102 oraonta
881 4037 961 4101 Aen.
977 4039 1007 4122 2,
1023 4039 1105 4123 114,
1113 4060 1182 4121 pan
1196 4039 1265 4102 nel.
1280 4040 1309 4122 2,
1324 4039 1376 4103 31.

233 4143 291 4207 alii
315 4145 361 4208 sic
376 4147 451 4208 sunt
465 4143 635 4208 amborum
649 4165 844 4228 communes,
866 4147 903 4208 nt
922 4130 1178 4228 crederepossis,
1202 4167 1241 4207 ex
1255 4144 1375 4210 eisdem

234 4249 376 4333 antiquis
400 4251 562 4316 thesauris
591 4272 646 4314 eos
670 4250 791 4334 petitos
816 4272 901 4334 esse,
924 4250 963 4315 cf.
984 4251 1087 4332 fastus
1110 4273 1159 4334 ap.
1184 4248 1273 4314 Seru.
1295 4251 1375 4316 Aen.

234 4357 263 4438 3,
287 4355 370 4438 326,
387 4356 516 4436 pellacis
543 4355 624 4420 Aen.
648 4358 678 4440 2,
693 4357 753 4443 90,
780 4357 984 4439 spirisden.
1007 4359 1037 4442 2,
1056 4358 1140 4439 217,
1168 4361 1273 4422 tonsae
1294 4356 1375 4423 Aen.
