3208 5090
231 465 347 530 monis.
388 487 584 548 quamquam
615 466 739 542 autern,
756 463 791 526 hi
823 462 963 546 codices,
996 483 1078 545 quos
1110 461 1380 544 enumerauimus,

230 565 348 654 libros,
381 571 514 654 quibus
530 569 653 633 Placidi
687 569 816 652 glossae
848 569 931 633 istae
963 569 1183 651 continentur,
1216 571 1379 632 uetustate

231 676 329 759 longe
360 676 566 758 antecedunt,
589 676 680 740 uitiis
703 680 815 740 tamen
836 675 1018 758 hisvmagis
1041 674 1154 764 referti
1175 681 1261 739 sunt.

784 904 825 969 ll.

290 1057 386 1120 Quae
410 1055 498 1111 ratio
521 1055 610 1111 inter
632 1056 814 1125 utriusque
837 1053 970 1124 generis
993 1055 1100 1110 libros
1123 1055 1321 1110 intercedat.

321 1206 458 1282 Quidam
476 1228 547 1270 cum
562 1205 685 1294 Placidi
700 1207 811 1289 libros,
826 1229 906 1290 quos
922 1207 1051 1290 quidem
1067 1207 1171 1270 adhuc
1185 1206 1379 1288 nouerimus,

231 1316 337 1375 aetate
360 1313 539 1376 recentiore
558 1312 696 1395 scriptos
716 1334 786 1376 esse
810 1311 966 1395 uiderent,
990 1313 1204 1395 coniecerunt,
1227 1312 1379 1376 extremis

233 1419 357 1481 mediae
390 1419 508 1482 aetatis
542 1419 755 1502 temporibus,
793 1419 911 1500 quibus
943 1419 1058 1483 literae
1092 1422 1125 1482 et
1156 1422 1245 1482 artes
1277 1419 1380 1484 bonae

233 1523 325 1606 quasi
340 1527 473 1588 renatae
488 1547 558 1588 esse
572 1526 730 1608 dicuutur,
753 1526 881 1608 glossas
895 1523 1018 1588 Placidi
1039 1546 1079 1588 ex
1098 1523 1182 1588 libro
1197 1526 1381 1608 glossarum

233 1629 413 1712 exscriptas
442 1636 475 1694 et
503 1631 537 1695 in
565 1653 663 1695 unum
693 1630 846 1694 uolumen
873 1631 1028 1695 collectas
1057 1653 1137 1695 esse.
1178 1652 1216 1694 ea
1240 1630 1380 1713 suspicio

232 1733 293 1798 hae
325 1735 454 1817 quidem
482 1757 516 1798 re
549 1736 735 1820 adiuuatur,
766 1736 851 1820 quod
883 1736 1012 1819 utrique
1044 1737 1122 1800 libri
1157 1737 1262 1800 multa
1298 1735 1380 1799 uitia

232 1841 416 1904 communia
434 1841 568 1924 habent,
590 1846 628 1905 ut
650 1843 745 1905 alteri
769 1863 808 1905 ex
827 1841 940 1904 alteris
964 1841 1093 1906 deducti
1115 1842 1218 1906 uideri
1243 1841 1380 1924 possint.

234 1947 289 2010 sed
316 1947 378 2010 hoc
406 1947 477 2010 inde
508 1947 630 2011 factum
658 1969 728 2012 esse
761 1937 909 2032 apparet,
943 1948 1027 2029 quod
1060 1970 1097 2011 eo
1131 1951 1289 2030 ternpore,
1317 1968 1380 2030 quo

233 2053 316 2118 liber
340 2054 521 2136 glossarum
546 2055 695 2136 componi
719 2057 851 2137 coeptus
875 2056 938 2136 est,
967 2052 1079 2116 multis
1103 2053 1226 2117 mendis
1250 2053 1382 2136 glossae

232 2159 297 2222 iam
326 2181 476 2241 aspersae
505 2164 606 2224 erant.
623 2177 629 2186 ·
646 2165 755 2244 potest
782 2165 892 2225 autem
919 2159 1061 2241 ostendi,
1088 2159 1192 2223 libros
1215 2159 1340 2224 Placidi
1363 2181 1380 2222 e

233 2265 393 2349 glossario
417 2285 536 2348 magno
559 2287 625 2329 non
649 2267 754 2330 solum
778 2266 938 2349 originem
961 2289 1027 2330 non
1050 2267 1178 2350 ducere,
1201 2265 1257 2330 sed
1280 2265 1379 2329 etiam

232 2370 397 2434 nonnullis
421 2372 500 2434 locis
525 2392 562 2434 ex
592 2393 629 2434 eo
657 2371 873 2454 interpolatos
898 2393 935 2436 ac
959 2373 1160 2455 deprauatos'
1175 2394 1254 2438 esse.
1291 2372 1381 2436 uelut

233 2477 267 2540 in
295 2476 319 2540 (l
343 2478 463 2541 multae
491 2477 635 2561 glossae,
663 2499 745 2561 quae
773 2477 808 2540 in
831 2479 905 2542 aliis
929 2478 1023 2542 libris
1046 2478 1171 2542 Placidi
1194 2476 1304 2542 eadem
1327 2477 1381 2542 uel

233 2583 332 2646 simili
363 2584 489 2647 ratione
518 2588 689 2666 corruptae
719 2588 794 2647 sunt
817 2587 914 2668 atque
939 2585 973 2648 in
995 2585 1080 2650 libro
1105 2585 1300 2668 glossarum,
1324 2588 1381 2648 aut

233 2711 329 2752 sanae
349 2693 406 2752 aut
424 2693 509 2752 certe
529 2689 634 2752 miuus
658 2690 793 2754 uitiatae
817 2690 1107 2774 deprehenduntur,
1131 2695 1167 2754 ut
1190 2689 1380 2774 ‘arsedectes

232 2795 417 2872 continuari,
435 2796 599 2876 deerrante,
617 2796 744 2859 dictione
766 2799 850 2877 praed,
872 2798 1016 2880 eprepc'rm,
1038 2797 1166 2878 calepio,
1180 2795 1301 2860 lwlluci’
1320 2800 1380 2861 etc.

234 2901 267 2964 in
295 2901 442 2964 Romana
470 2900 610 2964 editione
638 2899 718 2964 Maii
746 2899 803 2985 (R)
833 2901 1046 2983 ‘adalaidem',
1071 2901 1107 2965 in
1134 2899 1159 2966 O
1183 2901 1379 2985 ‘murrinam',

232 3008 267 3070 in
286 3007 454 3090 glossariis
475 3005 678 3088 ‘emotionem'
698 3008 750 3070 uel
774 3006 947 3088 ‘emnium'
972 3008 1127 3092 scriptum
1151 3007 1300 3091 legimus,
1324 3009 1379 3073 sed

233 3113 268 3176 in
292 3113 322 3176 H
346 3112 531 3197 ‘equiramy
560 3113 644 3196 quod
673 3115 735 3178 etsi
763 3136 829 3177 non
852 3119 975 3179 rectum
1000 3118 1063 3198 est,
1090 3117 1201 3178 tamen
1225 3113 1265 3185 ad
1288 3115 1380 3178 uerbi

234 3241 343 3282 ueram
373 3219 512 3284 formam
539 3219 673 3303 propius
703 3221 852 3284 accedere
884 3220 1021 3286 uidetur.
1067 3225 1117 3284 est
1149 3226 1258 3285 autem
1286 3221 1320 3284 in
1348 3221 1380 3284 H

233 3327 345 3390 subter
367 3348 479 3391 uocem
500 3326 674 3409 ‘epitimam’
698 3327 786 3391 linea
804 3327 900 3391 ducta
918 3331 951 3391 et
974 3327 1008 3390 iu
1030 3328 1176 3410 margine
1199 3325 1379 3408 ‘mutatam’

233 3431 386 3497 additum.
432 3433 510 3496 item
543 3435 577 3497 in
609 3433 641 3496 H
674 3435 785 3498 subter
816 3455 884 3498 uoc.
930 3432 1073 3517 ‘doliola’,
1103 3437 1139 3496 ut
1161 3455 1219 3517 pro
1244 3431 1380 3498 ‘doliola’

233 3539 389 3622 scriptum
427 3546 490 3623 est,
525 3540 612 3604 linea
648 3539 744 3604 ducta
780 3543 813 3602 et
845 3539 987 3624 margini
1020 3537 1156 3604 ‘delicere’
1194 3539 1380 3622 appositum

233 3646 401 3727 reperitur.
439 3645 575 3711 ‘delicta'
600 3649 709 3710 autem
739 3651 771 3710 et
794 3646 902 3730 ipsum
925 3647 959 3709 in
982 3646 1011 3710 R
1035 3647 1156 3740 legitur
1180 3650 1213 3709 et
1236 3645 1270 3708 in
1294 3646 1379 3728 glos-

233 3751 327 3815 sariis
343 3752 547 3816 simillimum
570 3751 765 3816 uocabulum
789 3750 961 3834 ‘dclioqoa’.
999 3752 1075 3835 quid
1099 3751 1183 3834 quod
1206 3751 1241 3814 in
1264 3751 1295 3814 H
1311 3775 1335 3816 s.
1350 3775 1379 3814 u.

233 3841 466 3921 ‘lircalentassit'
481 3863 690 3942 utrorumque
705 3858 864 3922 librorum
884 3858 1062 3942 scripturae
1086 3858 1156 3922 sine
1179 3857 1378 3941 compositae

233 3961 301 4026 siue
324 3963 476 4027 confusae
499 3967 583 4029 suut.
1313 4042 1321 4057 ο

321 4069 390 4133 Iam
419 4092 518 4152 supra
544 4071 697 4153 diximus,
730 4071 892 4154 glossaria
923 4072 1020 4156 longe
1052 4071 1200 4154 pluribus
1230 4070 1378 4134 laborare

232 4175 322 4240 uitiis
347 4198 443 4259 quam
456 4176 559 4241 libros
574 4177 709 4244 Placidi.
744 4179 778 4241 in
801 4177 869 4242 illis
893 4178 979 4242 enim
1002 4178 1107 4242 multa
1128 4177 1237 4260 inepte
1260 4177 1381 4260 addita,

232 4282 335 4346 multa
366 4283 563 4366 interpolata
591 4289 675 4348 sunt.
731 4284 855 4348 accedit
887 4284 972 4367 quod
1004 4307 1070 4348 non
1099 4282 1220 4348 multae
1244 4282 1379 4366 glossae

231 4389 453 4473 inueniuntur,
481 4391 535 4454 ubi
563 4413 629 4456 non
661 4391 788 4474 aliquae
817 4390 1052 4473 discrepantiae
1083 4411 1202 4473 eaeque
1234 4411 1380 4454 nonnun-
