3208 5090
707 327 836 390 :18
883 364 924 371 -

290 489 348 550 est.
384 484 547 550 interdum
570 485 655 549 enim
683 485 881 569 praepositio
904 468 1097 568 praecedens
1122 487 1220 551 sumit
1242 486 1388 551 litteram
1413 505 1416 512 '

289 575 453 659 sequentis
476 574 578 638 uerbi.

245 659 417 727 Censura
440 663 540 728 animi
564 666 626 745 est,
649 684 715 727 non
738 664 890 745 eorporis
933 663 1004 727 idco
1029 664 1145 728 melius
1168 665 1387 729 membrorum

289 752 435 816 decorem
451 757 507 816 aut
520 751 793 834 pulchritudinem
809 752 944 816 dicimus
959 775 1055 836 quam
1075 775 1252 818 censuram.
1279 757 1389 817 tamen

220 855 232 894 5
289 840 365 924 quia
392 842 426 904 in
454 864 513 904 usu
541 841 721 904 censorium
758 840 923 904 hominem
955 841 1090 905 dicimus
1122 841 1307 924 pulchrum,
1344 843 1390 906 sic

288 933 399 1012 potest
423 933 456 993 et
480 929 519 994 ad
542 928 816 1013 pulchritudinem
840 929 962 994 referri.

243 1016 576 1102 †Oaroccphilum
605 1017 650 1082 sic
673 1018 852 1101 scribimus,
882 1019 965 1102 quod
993 1018 1111 1102 uulgus
1142 1017 1388 1102 ‘cariopholum'

288 1107 406 1170 dicunt.

244 1192 460 1259 Oarocnunr
485 1196 530 1260 sic
554 1196 726 1260 scribimus
748 1218 806 1278 per
829 1217 856 1260 o.

205 1301 230 1339 1⁰
245 1280 435 1367 Oyathum
460 1289 568 1348 antem
591 1306 663 1348 curn
687 1284 710 1347 h
733 1284 831 1349 scribi
855 1289 994 1368 oportet.

244 1369 422 1455 anlebs,
446 1373 572 1457 generis
593 1375 780 1438 communis.

244 1458 413 1526 Oacdrus
438 1485 510 1526 curn
534 1484 554 1524 a
578 1462 676 1525 scribi
699 1465 837 1545 oportet.
931 1471 935 1476 ’

244 1548 415 1615 Oaruasa
437 1573 495 1634 per
518 1574 539 1614 u
563 1551 662 1614 scribi
686 1554 824 1633 oportet.

243 1636 444 1704 anlibum
468 1662 540 1704 cunr
564 1661 583 1702 a
607 1638 706 1703 scribi
730 1643 867 1722 oportet.

203 1745 227 1784 15
242 1725 375 1793 (lassis
400 1732 433 1793 ct
446 1729 530 1793 retia
543 1727 661 1792 dicitur
680 1732 713 1791 et
732 1728 827 1811 galea
850 1728 975 1810 capitis.
1009 1729 1063 1792 sed
1086 1728 1148 1792 hoc
1171 1729 1287 1812 differt,
1312 1731 1388 1814 quia

286 1818 369 1882 retia
403 1817 508 1881 ‘huius
546 1815 658 1880 cassis'
699 1816 791 1899 facit,
834 1818 929 1900 galea
969 1838 1046 1881 uero
1090 1817 1195 1881 ‘huius
1233 1817 1387 1901 cassidis’,

287 1907 433 1989 quamuis
458 1906 587 1991 quidam
606 1906 843 1970 nominatiuum
867 1906 957 1970 ‘baec
982 1905 1118 1970 cassida'
1142 1907 1299 1971 dixerunt.

242 1992 473 2078 Capessitur
502 2017 568 2058 non
602 2017 660 2082 per
692 2016 738 2076 sc,
777 1997 808 2058 et
841 1999 889 2058 est
926 1996 1060 2058 uerbum
1093 1996 1319 2078 impersonale,
1351 1999 1387 2060 ut

286 2081 440 2166 ‘legitur'.
472 2083 577 2165 prima
591 2087 699 2146 autem
713 2083 806 2146 uerbi
819 2105 959 2166 persona
974 2088 1023 2148 est
1038 2106 1179 2166 capesso
1212 2087 1260 2146 est
1279 2090 1387 2148 autem

201 2189 227 2228 20
286 2173 421 2235 uerbum
438 2171 589 2236 actiuum.
617 2170 696 2234 facit
710 2171 797 2234 enim
812 2193 944 2254 capesso
960 2194 1118 2256 capessor,
1141 2176 1178 2235 ut
1197 2173 1271 2255 lego
1287 2173 1387 2257 legor.

242 2257 479 2324 anlibatus
509 2259 665 2342 appetitio
697 2259 859 2324 castitatis
889 2260 971 2342 eiuS,
1001 2261 1055 2344 qui
1083 2261 1202 2324 habere
1225 2283 1291 2325 non
1315 2263 1387 2326 uult

286 2371 427 2413 uxorem.
451 2348 609 2412 caelebs
635 2349 720 2411 enim
745 2348 876 2431 dicitur,
905 2349 960 2432 qui
985 2349 1052 2412 sine
1080 2371 1178 2413 uxore
1203 2353 1266 2432 est,
1296 2351 1387 2434 quasi

286 2439 373 2502 caelo
397 2438 521 2502 beatus.
598 2451 601 2456 '

312 2724 327 2772 5
348 2719 387 2774 sic
406 2719 498 2788 potest
516 2721 544 2772 et
564 2718 601 2772 P:
621 2721 714 2786 potest
731 2720 783 2773 hec
802 2718 827 2773 G
905 2726 919 2774 7
940 2719 1155 2789 Carocophilum
1175 2720 1248 2774 HR:
1270 2721 1385 2776 Coroco-

240 2789 348 2859 pbilum
369 2789 398 2857 0,
419 2788 585 2844 Carcolilum
605 2790 630 2844 G
648 2791 728 2844 inipso
743 2789 962 2861 Oa'ryopbyllum
978 2794 982 2858 Ι
998 2792 1099 2860 uulgus
1119 2792 1180 2846 CR:
1200 2792 1286 2861 uulgo
1305 2793 1362 2846 HG
1379 2791 1382 2864 l
1434 2835 1436 2846 .

241 2861 1145 3004 sstttrttttt‘⁰⁰t·0²..tt.?.t't¹f¹t..l’.tttttttt
1175 2863 1385 3004 tttttb

236 3020 271 3071 p:
292 3003 430 3073 Chyatum
448 3004 484 3070 R,
504 3003 635 3058 Chiatum
654 3004 692 3072 H,
713 3003 844 3058 ditatum
863 3005 932 3070 bam,
952 3003 1103 3074 Cyathtum
1121 3023 1137 3058 o
1153 3007 1157 3074 1
1174 3008 1269 3060 autem
1288 3023 1338 3060 om.
1360 3006 1385 3060 G

242 3080 274 3127 11
295 3075 411 3129 anlebs
430 3075 499 3129 HG:
524 3078 568 3130 cst
586 3077 681 3129 autem
702 3074 729 3128 R
747 3077 864 3144 plescum
879 3077 946 3130 Mai
964 3077 1083 3130 hocloco
1102 3078 1193 3130 omisit
1211 3081 1236 3130 ct
1254 3078 1385 3131 adiunxit

239 3161 262 3200 s.
281 3162 308 3200 a.
329 3143 444 3200 Caelebs
461 3152 548 3213 p.17.
613 3152 645 3199 13
665 3145 788 3201 Oaruasa
806 3147 836 3200 id
854 3150 897 3202 cst
914 3147 978 3201 uela
996 3147 1076 3200 nauis
1096 3147 1122 3200 G
1139 3148 1210 3201 hauc
1227 3148 1343 3215 plosscm
1361 3153 1385 3200 et

240 3218 329 3283 ipsam
343 3233 393 3270 om.
410 3217 476 3270 Mai
489 3217 538 3270 boc
556 3217 612 3270 loco
630 3221 655 3270 ct
668 3219 765 3284 posuit
783 3219 814 3272 c'a
829 3217 914 3272 Closs.
934 3219 1015 3272 Aact.
1031 3223 1116 3284 6,556.
1190 3223 1225 3270 14
1240 3216 1385 3271 Caelitum

240 3286 282 3339 H:
298 3286 387 3340 Celibi
401 3289 442 3343 bo.
456 3288 572 3355 plosscm
586 3303 636 3340 om.
652 3288 719 3340 Mai
780 3295 812 3342 17
827 3289 936 3342 cassida
949 3288 1080 3342 dixerunt
1092 3287 1127 3354 R,
1143 3287 1250 3340 cassida
1264 3286 1385 3341 dixerint

240 3358 279 3425 Η,
299 3358 338 3410 sic
353 3358 483 3412 dixerunt
496 3357 566 3411 haec
581 3358 689 3412 cassida
703 3358 755 3411 boc
828 3365 860 3412 18
880 3357 1043 3428 Capescitur
1061 3357 1094 3410 H
1163 3363 1194 3411 21
1216 3356 1382 3425 caelibatus]

242 3428 308 3482 Mai
332 3430 402 3482 tuac
428 3430 545 3497 plossam
568 3429 702 3482 uocabulo
735 3428 851 3498 Caelebs
871 3431 916 3496 (cf.
935 3447 966 3496 p.
987 3431 1030 3495 17)
1053 3429 1217 3496 postposuit.
1246 3427 1383 3496 appetitio

224 3499 378 3554 ‘castitatis
398 3500 466 3553 HG:
486 3499 581 3555 oraR.
603 3504 607 3566 l
629 3499 687 3554 eius
705 3515 766 3553 pos:
787 3498 835 3569 qui
854 3499 911 3554 eius
930 3500 968 3566 H,
988 3498 1061 3552 enim
1080 3498 1116 3565 R,
1135 3514 1193 3552 om·
1205 3498 1231 3552 G
1253 3502 1258 3568 Ι
1281 3498 1383 3552 habere

240 3586 296 3626 non
319 3571 381 3625 uult
404 3587 518 3625 uxorem
542 3570 578 3626 G:
598 3587 654 3625 non
676 3571 779 3626 habere
804 3571 905 3625 dicitur
923 3586 1037 3624 uxorem
1055 3569 1095 3636 H,
1113 3569 1209 3624 aas.
1282 3576 1315 3623 22
1336 3570 1384 3639 qui

240 3642 298 3696 sine
317 3659 402 3697 uxore
422 3645 465 3696 est
483 3641 564 3710 quasi
583 3642 659 3696 caelo
678 3642 778 3696 beatus
797 3657 846 3696 om.
867 3641 901 3694 H

311 3755 327 3802 3
347 3749 474 3818 censura]
502 3749 547 3804 lib.
570 3751 648 3818 piosa
673 3747 808 3816 Censura,
834 3747 917 3802 decus
941 3747 988 3801 uel
1011 3745 1198 3816 pulchritudo.
1272 3753 1286 3801 7
1307 3764 1384 3802 caro-

240 3819 394 3890 cophilum]
420 3821 496 3875 Plio.
519 3820 557 3873 N.
566 3820 604 3873 H.
624 3826 666 3885 12,
681 3825 748 3886 §30-
784 3817 836 3874 Est
858 3817 1011 3872 etiamnum
1030 3818 1059 3872 in
1083 3817 1162 3872 India
1179 3817 1284 3889 piperis
1304 3819 1385 3888 grani

240 3890 328 3944 simile
354 3890 429 3960 quod
456 3893 573 3945 uocatur
594 3889 805 3960 caryophyllon,
833 3890 966 3960 grandius
993 3889 1183 3959 fragiliusque.
1216 3889 1332 3944 tradunt
1354 3889 1383 3943 in

240 3961 335 4014 indica
353 3962 411 4015 loto
429 3961 459 4016 id
477 3961 565 4031 gigni.
598 3961 747 4016 aduehitur
765 3961 857 4016 odoris
876 3962 976 4030 gratia.
995 3967 1041 4015 etc.
1129 3968 1145 4016 9
1165 3961 1326 4031 caroenum]
1347 3963 1381 4027 cf.

241 4033 312 4086 Isid.
332 4039 446 4099 20,3,1s.
483 4032 632 4100 Caranum,
656 4049 688 4087 eo
712 4033 787 4101 quod
809 4033 934 4087 feruente
957 4035 1038 4102 parte
1060 4034 1163 4087 careat.
1195 4033 1282 4086 tertia
1309 4033 1384 4085 enim

239 4105 320 4173 parte
339 4104 424 4157 musti
443 4103 557 4171 amissa,
581 4104 656 4172 quod
674 4103 851 4171 remanserit,
876 4120 1007 4157 carenum
1026 4105 1076 4158 est.
1163 4125 1166 4128 ·
1186 4110 1218 4158 10
1238 4103 1382 4172 cyathum]

242 4175 337 4228 Plaut.
365 4175 465 4229 Pseud.
484 4180 562 4242 4,2,2.
664 4181 695 4228 13
720 4175 847 4245 carnasa]
872 4174 993 4230 Cassiod.
1013 4175 1045 4228 de
1063 4176 1130 4229 ortt.
1150 4179 1254 4241 2301‚9.
1271 4173 1305 4228 P.
1342 4173 1384 4227 Ua

240 4244 350 4313 syllaba
373 4245 402 4300 in
420 4246 513 4301 medio
536 4245 655 4300 nominis
676 4246 769 4315 posita
792 4262 878 4316 paru
897 4245 1044 4313 scribetur,
1063 4248 1096 4300 ut
1115 4246 1227 4299 ‘auarus
1247 4244 1380 4310 caluare’‚

239 4319 351 4386 praeter
366 4317 545 4384 ‘carbasum’,
560 4317 635 4386 quod
648 4334 748 4371 nomen
763 4333 893 4386 graecum
912 4337 938 4370 m
978 4317 1002 4371 is
1020 4333 1104 4386 quam
1118 4317 1239 4369 latinum
1251 4315 1379 4370 arbitror.

242 4393 275 4440 15
298 4387 395 4457 cassis]
422 4389 516 4443 Plaat.
543 4388 621 4442 Tria.
642 4394 755 4455 3‚a,100.
784 4390 818 4456 cf.
844 4390 926 4444 Prot.
941 4335 1028 4443 agath.
1049 4390 1060 4441 l
1080 4393 1165 4452 28,23.
1186 4387 1223 4441 K.
1245 4386 1380 4440 coartat

241 4463 344 4528 103,15.
359 4459 397 4512 K.
420 4459 703 4527 Sera.Aea.11,774.
724 4460 812 4515 Prisc.
833 4461 870 4516 Vl
889 4465 994 4531 218,1s.
1009 4460 1047 4532 K,
1073 4459 1153 4513 eumd.
1181 4457 1220 4513 VI
1238 4463 1325 4528 251,3.
1344 4457 1382 4514 K.
