3208 5090
689 261 906 324 ..53-

226 418 331 484 Hera
354 420 444 484 locus
469 422 519 484 cst
541 419 746 484 tenebrarum
771 421 823 484 uel
846 443 1026 503 porcorum.

226 507 374 573 Humus
398 511 486 572 terra
509 508 549 572 ab
564 507 766 572 humanitate
781 509 881 592 diota,
904 510 980 593 quia
1004 510 1127 574 cunctis
1145 507 1292 578 brhnana
1316 514 1374 575 est.

272 601 380 663 otest
404 597 531 682 generis
557 597 713 662 feminini.
1404 647 1410 662 .

226 675 400 770 Haricl'i,
432 685 547 769 diuini,
584 685 640 770 qui
677 689 830 769 concepto
869 690 943 751 ante
982 709 1071 751 aram
1112 687 1228 771 spiritu
1266 687 1376 753 futura
1481 717 1488 734 ·

198 797 211 836 5
271 775 469 858 praedicunt.
1315 792 1317 796 ·

226 862 367 929 Hiatus
403 863 534 948 proprie
568 869 618 929 est
646 864 750 928 omnis
779 863 844 928 oris
878 865 1019 948 apertio,
1052 866 1213 930 translata
1240 889 1259 930 a
1285 865 1373 949 feris,
1417 913 1420 918 -

271 975 406 1036 quarum
430 951 567 1018 auiditas
596 952 702 1037 hiatu,
730 951 763 1018 id
787 957 837 1017 cst
860 954 925 1017 oris
949 955 1131 1038 apertione,
1160 957 1369 1020 monstratur.

270 1041 344 1105 inde
367 1041 484 1106 dicitur
507 1042 674 1126 inhiare,
699 1042 730 1106 id
746 1046 796 1107 cst
811 1041 907 1106 alicui
922 1042 970 1106 rei
985 1042 1103 1106 acriter
1116 1045 1150 1106 et
1165 1043 1373 1107 uehementer

270 1130 464 1194 incumbere.
501 1134 551 1195 est
575 1135 607 1194 et
632 1130 786 1196 inhiare
810 1130 976 1194 intendere
993 1129 1115 1214 aliquid
1129 1136 1162 1197 et
1186 1136 1277 1196 caute
1301 1153 1369 1214 per·

186 1243 211 1281 ιο
271 1218 409 1302 spicere,
432 1223 469 1283 ut
492 1220 519 1284 si
543 1219 686 1284 dicamus
711 1218 892 1302 aruspicem
916 1219 951 1283 in
974 1222 1049 1284 exta
1072 1219 1205 1284 inhiare.

223 1306 420 1392 Hirpices,
443 1307 574 1374 tribula.

223 1395 357 1480 Hydra
380 1398 476 1462 draco
501 1397 563 1461 fuit
587 1398 765 1464 multorum
788 1397 932 1480 capitum
955 1399 989 1461 in
1008 1397 1127 1480 Lerne,
1158 1398 1275 1480 palude
1298 1420 1370 1481 pro-

268 1485 393 1550 uinciae
417 1485 584 1551 Arcadiae.

224 1572 382 1638 Habilis
406 1574 538 1657 dicitur,
562 1575 675 1658 quise
699 1574 812 1658 habet,
835 1575 869 1638 id
892 1578 942 1638 est
965 1576 1092 1660 integer
1116 1579 1149 1639 ct
1172 1573 1279 1640 fortis.
1303 1564 1306 1572 ’

182 1810 208 1850 15
290 1847 295 1858 ,
590 1786 722 1868 ¹Glossae
738 1807 798 1868 per
820 1787 845 1850 I
864 1787 1008 1851 litteram.

222 1929 390 2020 Infamia
417 1951 483 1993 non
510 1928 643 1992 dubium
671 1929 735 2011 cst,
756 1928 840 2012 ‚quin
868 1928 994 2013 generis
1024 1928 1068 1993 sit
1094 1927 1252 1993 feminini.
1293 1950 1370 1992 nam

268 2018 296 2083 si
319 2020 435 2082 neutro
449 2018 551 2100 dicas,
575 2019 611 2080 ut
625 2017 715 2081 uerbi
739 2017 860 2102 gratia:
885 2016 1032 2081 ‘infamia
1051 2016 1177 2081 locutus
1198 2020 1248 2080 est
1261 2018 1370 2101 uerba,

268 2106 370 2172 stabit
394 2105 523 2190 quidem
547 2103 601 2169 **.
636 2175 642 2184 .

221 2195 440 2260 Incaestum
463 2198 542 2278 puto
567 2217 586 2258 a
609 2195 753 2259 litteram
778 2195 893 2260 debere
908 2194 1060 2279 retinere,
1084 2195 1125 2258 ab
1150 2216 1186 2258 eo
1211 2194 1295 2278 quod
1320 2198 1370 2258 est

181 2309 207 2347 ao
266 2285 436 2349 incastum.
472 2306 547 2348 narn
572 2288 744 2349 caestum
768 2283 879 2349 dicunt
901 2307 1016 2348 zonam
1038 2283 1210 2366 pelliceam
1224 2282 1370 2366 Veneris,

267 2395 348 2456 quae
367 2373 533 2457 legitimas
552 2373 682 2456 nuptias
698 2373 789 2457 ligat.
828 2374 856 2437 si
880 2373 951 2457 quis
970 2373 1072 2456 igitur
1096 2371 1193 2436 alieni
1216 2371 1369 2456 legitimi·

255 2485 328 2546 que
343 2461 544 2526 matrimonii
558 2463 630 2526 iura
644 2462 828 2546 uiolauerit,
851 2463 1030 2527 incaestum
1049 2460 1167 2524 dicitur
1191 2460 1369 2543 admisisse,

266 2551 298 2614 id
314 2554 363 2614 est
378 2551 470 2634 quasi
489 2551 650 2615 castitatis
675 2551 839 2616 uinculum
863 2573 1040 2634 zonamque
1057 2549 1193 2613 Veneris
1217 2547 1368 2613 uiolasse.

221 2638 363 2704 Iudaea
386 2662 459 2704 cum
483 2662 503 2703 a
526 2639 738 2704 scribendum.
776 2668 777 2674 ¹

1276 2751 1287 2780 0

292 2926 306 2972 1
326 2909 373 2972 uel
386 2919 455 2972 HG:
476 2920 505 2972 et
518 2919 546 2972 R
618 2925 632 2972 7
648 2917 727 2972 hiatu
743 2919 780 2972 G:
800 2918 909 2972 hiatum
927 2918 972 2989 ΡΙ
988 2917 1133 2986 apertione
1146 2935 1174 2972 e:
1195 2918 1368 2986 apertionem

219 2989 424 3059 (aperitionem)
447 2990 474 3042 P
488 2994 492 3059 Ι
508 2991 678 3044 monstratur
697 2989 776 3058 Hcp:
796 2990 963 3043 monstrauit
983 2989 1012 3055 0,
1031 2991 1169 3043 monstrat
1187 2989 1215 3042 Il
1291 2995 1307 3044 8
1326 2989 1367 3042 in-

219 3061 512 3116 hiare-incumbere
526 3077 577 3115 ora.
593 3061 643 3114 CR
714 3060 889 3114 9intendere
904 3061 974 3114 HR:
989 3061 1097 3114 intente
1112 3059 1145 3126 G,
1165 3059 1371 3114 intercederet*
1431 3101 1433 3104 -

223 3131 225 3196 l
241 3131 397 3201 perspicere
407 3149 434 3186 v:
446 3132 604 3202 prospicere
619 3153 640 3184 ω
703 3138 736 3186 10
751 3131 917 3186 einextraG
976 3138 1007 3184 11
1024 3130 1150 3200 Hirpices
1161 3131 1219 3184 Ro:
1238 3129 1367 3212 Hispices

221 3203 293 3258 Hmr
367 3211 399 3257 16
419 3203 486 3272 quia
504 3203 612 3273 generis
631 3205 707 3256 estc
781 3209 813 3257 17
832 3203 861 3256 in
881 3203 1023 3257 neutroC
1094 3209 1126 3261 18
1146 3202 1233 3256 stabit
1247 3201 1367 3268 (istraut

214 3278 247 3342 p)
267 3275 379 3344 quidem
401 3275 463 3343 Pop
538 3281 570 3327 19
590 3275 728 3328 Incestum
748 3275 814 3327 libri
830 3273 833 3344 l
850 3276 918 3343 puta
937 3274 971 3328 H
983 3278 987 3340 1
1004 3273 1122 3328 retinere
1144 3274 1182 3327 P:
1202 3272 1348 3327 retineris

219 3351 253 3400 20
272 3363 337 3400 nam
355 3363 383 3400 o:
403 3346 481 3400 uenit
502 3345 547 3408 Pl
564 3346 688 3400 caestum
707 3345 751 3399 H:
771 3348 877 3400 costum
896 3345 940 3398 Rc

293 3459 303 3505 1
325 3445 407 3522 hara]
429 3453 524 3506 Plaat.
540 3452 618 3506 Asia.
634 3457 730 3519 9,’4,94.
750 3452 823 3506 Noa.
841 3459 943 3521 120‚20.
963 3451 1040 3506 Hara
1054 3453 1097 3506 est
1110 3469 1257 3521 porcorum
1272 3451 1366 3506 stabu-

218 3521 285 3576 lum.
305 3523 339 3588 cf.
358 3523 460 3576 Donat.
483 3523 594 3576 Pharao.
610 3528 705 3591 4,4‚29.
727 3523 846 3577 Cassiod.
866 3525 935 3578 arth.
955 3528 1060 3590 2320,2.
1082 3522 1115 3575 P.
1133 3522 1222 3576 Prisc.
1237 3522 1262 3574 11
1278 3528 1365 3590 5330,

219 3592 256 3644 K.
373 3592 522 3663 4harioli]
548 3595 581 3658 cf.
605 3592 714 3647 Haricli
736 3612 763 3662 p.
784 3601 825 3648 50.
863 3597 865 3602 ’
901 3599 904 3608 ¹
963 3594 1091 3648 thiatus
1125 3594 1195 3646 Isld.
1216 3597 1310 3658 14,9,3.

223 3670 251 3714 11
273 3661 403 3732 hir-pices]
423 3681 467 3730 ap.
487 3669 585 3717 ceteros
603 3669 726 3718 auctores
745 3665 841 3732 (Varr.
861 3665 894 3716 L.
909 3665 942 3719 L.
963 3670 1049 3731 alsa.
1099 3668 1144 3716 est.
1162 3663 1242 3715 Paul.
1260 3668 1364 3729 105,16.

220 3733 297 3786 Seru.
318 3733 412 3802 (ἔθυες.
434 3740 502 3799 1,95.
536 3734 657 3788 Glossur.
680 3736 712 3787 la
734 3735 832 3788 Barth.
853 3736 926 3788 Aula.
948 3738 1046 3803 28,19.)
1077 3749 1162 3802 penas
1180 3733 1266 3786 rastri
1283 3734 1366 3798 ferrei

156 3837 160 3845 .
220 3804 369 3871 complures
386 3803 486 3858 taleas
500 3805 594 3858 dentes
612 3806 770 3873 almificat·
855 3812 887 3859 16
907 3803 1034 3875 infamia]
1057 3805 1151 3860 Plaut.
1173 3803 1247 3856 Pers.
1268 3809 1364 3872 3‚1‚27.

221 3881 252 3928 19
272 3875 438 3946 incaestum]
453 3875 561 3929 Iactat.
580 3874 659 3928 Plac.
677 3875 757 3930 Theb.
774 3883 842 3942 5‚63.
872 3875 982 3930 Ceston,
993 3882 1035 3931 est
1048 3875 1190 3930 uinculum
1209 3875 1365 3929 ornamenti

218 3962 275 4014 quo
294 3943 480 4000 circumdatur
498 3946 601 4013 Venus,
620 3945 749 4000 omnibus
767 3945 908 4000 illecebris
927 3947 1142 4016 nuptiarumque
1161 3944 1363 4015 cupiditatibus

218 4016 406 4085 elaboratum,
434 4034 490 4085 quo
518 4015 696 4071 matrimonia
723 4017 825 4071 dicitur
852 4016 969 4086 alligare
1078 4015 1243 4086 specialiter
1268 4022 1363 4072 tamen

219 4104 317 4142 zonam
336 4086 452 4142 Veneris
472 4088 604 4143 debemus
622 4086 756 4158 accipere,
776 4105 846 4157 quae
865 4105 920 4142 non
939 4088 1024 4142 rutilo
1042 4104 1109 4141 auro
1128 4086 1299 4157 gemmisque
1319 4088 1363 4157 sit,

216 4160 266 4214 sed
287 4158 374 4228 pelle,
398 4160 430 4214 ut
451 4158 604 4229 probentur
626 4175 774 4229 corporeae
797 4160 966 4229 uoluptates.
1009 4162 1103 4214 ceston
1128 4161 1221 4212 autem
1251 4159 1361 4227 dicitur,

216 4230 290 4299 quod
306 4229 421 4298 copulae
436 4233 465 4286 ot
477 4229 650 4285 matrimonii
665 4231 707 4285 uis
722 4231 767 4299 sit,
786 4231 853 4300 quia
862 4232 940 4298 adeo,
960 4247 1030 4300 quae
1049 4229 1187 4285 adulterio
1201 4231 1362 4299 perpetran-

216 4304 276 4370 tur,
294 4300 402 4355 ineesta
419 4301 563 4371 dicuntur,
581 4301 662 4371 quasi
681 4302 756 4372 quod
775 4319 830 4359 non
848 4301 973 4364 uinctum
991 4301 1087 4374 fuerit,
1107 4300 1144 4355 sit
1161 4300 1306 4360 incestum.
1326 4303 1361 4376 cs.

216 4376 282 4430 ibid.
302 4376 389 4443 2983.
