3208 5090
654 292 874 357 -g1.„

234 455 354 535 potest,
377 451 441 516 nisi
459 452 515 536 qui
534 451 569 515 in
583 452 672 516 curia
685 473 822 516 romana
843 449 951 515 fuerit.
988 473 1064 514 nam
1087 451 1185 535 primi
1208 451 1338 518 ordines

235 540 385 605 dicuntur
399 541 552 623 illustres,
574 540 705 604 secundi
720 540 923 623 spectabiles,
946 539 1037 604 tertii
1059 540 1241 606 clarissimi.
1273 542 1338 606 iam

234 629 370 693 inferius
394 633 546 713 quartum
570 627 700 712 aliquod
723 650 825 713 genus
848 650 915 694 non
938 632 997 694 est.

191 733 354 812 Saeuus,
377 735 499 819 malus,
521 735 656 818 pessimi
680 755 717 798 ac
740 736 841 799 trucis
866 736 966 799 animi
989 738 1022 798 et
1049 735 1187 800 crudelis
1211 736 1337 821 dicitur,

160 845 174 884 s
235 827 268 889 et
290 824 519 908 diphthongon
540 825 650 888 habet.

190 928 371 1012 Subleui,
386 929 585 1015 subsignsui,
598 933 635 994 ut
648 929 774 994 releui
792 931 969 1014 resignaui.
995 930 1058 994 hoc
1072 934 1122 994 est
1137 931 1338 1016 subsignareg

233 1021 263 1083 si
293 1019 348 1103 qui
381 1019 446 1083 alio
484 1021 636 1104 signante
668 1019 786 1082 iterum
824 1020 941 1103 signat.
986 1019 1152 1104 resignaui
1183 1019 1247 1084 hoc
1278 1024 1338 1104 est,

235 1108 321 1191 quod
343 1108 463 1173 dicitur
485 1107 620 1192 ‘releui',
643 1107 672 1172 si
695 1129 745 1190 es,
769 1128 851 1190 quae
875 1108 1005 1193 signata
1029 1112 1116 1193 sunt,
1140 1108 1337 1192 aperiuntur.

234 1195 315 1260 item
338 1196 486 1262 sublini
510 1198 642 1280 dicitur,
670 1196 721 1260 cui
743 1196 943 1279 imposturae
966 1197 1063 1281 fiunt,
1091 1196 1145 1281 qui
1169 1197 1337 1282 decipitur,

148 1308 175 1346 ro
234 1285 285 1349 oui
298 1285 400 1350 uerba
414 1287 541 1371 dantur,
564 1287 616 1351 uel
631 1285 687 1368 qui
709 1306 776 1349 non
799 1285 879 1349 satis
904 1286 1017 1351 doctus
1041 1289 1100 1370 est,
1123 1290 1160 1350 ut
1184 1286 1212 1350 si
1235 1286 1337 1352 dicas:

234 1373 402 1439 ‘sublitum
424 1375 505 1438 mihi
528 1379 579 1440 est
601 1373 650 1440 os'
673 1395 739 1438 non
762 1373 843 1438 bene
867 1374 999 1439 doctum
1022 1375 1075 1439 uel
1098 1374 1275 1441 indoctum.

188 1478 350 1568 Sublegi
379 1484 428 1545 est
456 1479 494 1544 de
521 1481 650 1566 legente
677 1480 860 1546 insidiando
890 1481 1017 1546 furatus
1040 1503 1127 1565 sum,
1149 1486 1187 1546 ut
1210 1483 1237 1547 si
1261 1484 1334 1566 quis
1434 1509 1442 1536 ι

233 1569 323 1721 scirpis
336 1571 439 1722 ,legat
467 1575 500 1634 et
528 1571 610 1635 alius
638 1593 677 1634 ex
706 1571 832 1635 occulto
862 1571 963 1634 uerba
991 1569 1059 1634 eius
1089 1571 1215 1635 iuretur
1243 1575 1276 1636 et
1299 1594 1338 1636 ea

232 1679 292 1740 pro
317 1681 360 1722 a.

147 1761 462 1847 astipulatores
490 1765 704 1848 promissores
733 1763 892 1829 dicuntur.
936 1764 1123 1847 stipulari
1150 1765 1236 1830 enim
1264 1789 1337 1849 pro-

233 1852 363 1917 mittere
386 1857 498 1918 estex
521 1854 631 1918 uerbis
655 1853 735 1918 iuris
758 1853 949 1937 peritorum.

188 1956 335 2044 Spiris,
357 1959 463 2025 nodis.

188 2045 306 2113 Secu·
331 2052 363 2113 et
387 2048 504 2114 ‘aliter’
527 2052 560 2118 et
584 2048 786 2132 ‘aequaliter’
808 2049 950 2134 ponitur.

188 2153 381 2221 Sistentes
410 2156 462 2220 uel
491 2155 725 2239 ‘prohibentes'
758 2156 937 2241 significat,
969 2154 1003 2219 id
1032 2159 1082 2220 est
1108 2155 1165 2239 qui
1194 2155 1337 2240 aliquam

149 2267 176 2305 so
234 2267 302 2309 rem
325 2246 360 2310 in
382 2246 454 2310 loeo
470 2248 557 2309 stare
570 2244 659 2327 facit,
682 2250 719 2309 ut
733 2245 907 2330 Virgilius:
931 2244 1058 2309 ‘sistere
1073 2265 1191 2328 aquam
1206 2243 1335 2309 fluuiis'.

232 2337 343 2416 potest
357 2333 540 2418 significare
555 2331 795 2399 ‘consistentes'
810 2335 843 2398 id
857 2337 908 2398 est
921 2333 1109 2398 habitantes
1123 2334 1176 2396 uel
1201 2336 1335 2416 stantes,

230 2427 267 2486 ut
299 2422 472 2506 Virgilius:
505 2422 667 2487 ‘constitit
699 2424 734 2486 in
774 2420 917 2506 digitos'.
964 2421 1127 2506 significat
1164 2421 1335 2504 ‘resistere

230 2511 433 2595 repugnare’.
466 2511 640 2595 Virgilius:
665 2511 709 2576 ‘et
732 2516 846 2577 contra
869 2512 1023 2576 inlitora
1047 2511 1157 2577 sist‘t'.

186 2615 346 2701 Scythia
374 2620 423 2681 est
450 2617 619 2700 prouincia
646 2621 773 2682 remota
801 2618 861 2681 sub
890 2618 1124 2701 septentrione,
1151 2617 1330 2702 frigoribus

146 2726 172 2766 ss
230 2707 353 2789 rigens,
375 2706 461 2769 nuda
484 2706 700 2789 gignentium,
725 2707 870 2770 moribus
892 2707 1040 2771 barbara.

259 2993 272 3039 1
292 2986 376 3056 primi
395 2987 505 3042 ordines
523 2988 549 3041 G
568 2989 639 3042 Isioi.
659 2993 769 3055 9,4,12.:
797 2986 982 3056 primordines
1000 2987 1046 3040 uel
1064 2985 1278 3055 plurimordines
1297 2987 1332 3056 R,

185 3057 400 3126 plurimordines
418 3059 456 3127 H,
475 3058 559 3128 primi
578 3059 683 3112 ordinis
699 3060 776 3112 Plau
797 3076 843 3127 up.
863 3059 952 3112 Griul.
973 3057 1044 3112 Isioi.
1065 3059 1081 3112 l.
1097 3073 1118 3110 c.
1191 3063 1208 3110 4
1227 3057 1333 3112 Saeuus
1430 3055 1438 3070 '

185 3129 227 3182 H:
248 3130 369 3213 Scaeuus
388 3129 442 3183 ΕΘ
514 3138 529 3185 6
549 3130 689 3199 resignaui
709 3128 769 3184 GR:
789 3129 913 3199 resignat
931 3130 969 3197 H,
988 3129 1099 3210 resigna
1117 3145 1132 3181 o
1206 3135 1220 3182 1
1237 3128 1332 3197 signat

184 3203 574 3340 diarmitium
588 3201 758 3342 sitinii
772 3221 797 3324 δ’
808 3275 812 3340 1
829 3200 1120 3342 addititii&
1137 3199 1333 3326 illitati

185 3344 299 3398 doctum
318 3344 389 3398 HR:
409 3361 459 3398 om.
479 3344 505 3398 G
521 3345 524 3414 l
541 3345 588 3398 uel
605 3345 750 3399 indoctum
764 3343 805 3396 It:
824 3360 873 3399 om.
893 3343 952 3398 HG
965 3342 1022 3412 (cui
1040 3343 1127 3396 uerba
1141 3373 1174 3390 2-
1188 3341 1333 3397 indoctum

185 3431 233 3468 oua
256 3413 287 3484 C)
380 3421 411 3470 12
430 3420 459 3471 te
478 3416 589 3484 legente
608 3417 673 3469 libri
782 3421 815 3468 16
834 3415 987 3484 peritorum
1011 3415 1097 3469 istu:
1126 3415 1286 3482 praetorum
1307 3414 1335 3465 P

186 3491 218 3538 19
238 3485 305 3554 quia
323 3486 349 3540 G
420 3494 454 3541 20
472 3503 531 3541 rem
553 3487 593 3541 P:
619 3489 729 3557 partem
749 3486 878 3554 Glfecit
897 3487 922 3540 G
938 3489 942 3552 Ι
958 3485 987 3539 in
1011 3484 1103 3539 fluuiis
1124 3483 1147 3537 0
1215 3491 1247 3537 21
1268 3501 1332 3538 con-

184 3555 371 3681 soimnffiffl
390 3574 453 3682 prp,
460 3559 641 3613 consistentes
660 3579 681 3612 ω
754 3563 787 3612 22
808 3557 912 3628 digitos
931 3558 997 3611 BG:
1017 3557 1107 3626 digito
1127 3555 1182 3609 CH
1251 3562 1284 3609 23
1304 3558 1332 3609 et

211 3645 252 3682 :s
336 3645 410 3694 ‚om

255 3705 271 3752 6
290 3697 410 3768 subleui]
426 3716 456 3753 os
467 3700 611 3768 ,sublinere
621 3701 727 3768 passim
741 3717 786 3768 cp.
803 3700 947 3764 Plautum,
961 3698 996 3763 cf.
1006 3697 1080 3751 Noa.
1095 3702 1183 3764 45‚17.
1204 3696 1332 3752 Subleuit

184 3769 238 3840 [os]
266 3768 406 3838 significat
427 3771 518 3824 illusit
540 3773 569 3826 et
591 3788 642 3839 pro
665 3771 783 3826 ridiculo
807 3770 913 3824 habuit.
952 3771 1073 3822 tractum
1097 3784 1114 3820 a
1137 3785 1239 3836 genere
1262 3767 1331 3836 ludi,

184 3857 239 3908 quo
262 3839 464 3895 dormientibus
489 3858 539 3895 ora
561 3841 722 3910 pinguntur.
854 3846 886 3894 12
911 3838 1031 3909 sublegi]
1067 3839 1142 3906 Virp.
1169 3838 1230 3892 Ecl.
1260 3844 1330 3905 9,21.

183 3911 235 3965 Vel
259 3929 331 3980 quac
358 3911 468 3982 sublegi
490 3912 593 3968 tacitus
618 3913 670 3966 tibi
693 3912 818 3966 carmina
844 3928 939 3979 nuper.
976 3909 1053 3965 Seru.
1077 3911 1114 3964 ud
1140 3911 1164 3963 h.
1186 3911 1195 3962 l
1226 3909 1332 3964 rustica

182 3982 330 4037 affectione
345 3982 484 4038 reminisci
498 4002 527 4038 se
542 3983 655 4038 illorum
669 3982 823 4037 carminum
838 3981 927 4052 fingit,
947 3997 1018 4050 quae
1034 3981 1185 4050 aliquando
1201 3980 1330 4050 Virgilio,

181 4054 249 4108 licet
270 4053 360 4108 inuito
384 4055 501 4108 Romam
526 4055 615 4122 eunti,
644 4055 805 4110 abstulerat.
842 4069 906 4106 nam
930 4053 1039 4122 sublegi
1062 4056 1106 4107 est
1128 4052 1235 4106 furatus
1258 4070 1327 4107 sum.

182 4126 216 4192 of.
236 4142 391 4179 sermonem
414 4127 597 4195 sublegcrunt
615 4144 660 4194 up.
683 4126 779 4178 Plaut.
803 4125 869 4180 ibid.
889 4131 986 4191 4,2,98.
1085 4128 1117 4178 15
1136 4122 1327 4194 stipulatores]

181 4198 214 4264 ef.
235 4196 364 4265 stipulari
387 4214 431 4265 up.
458 4197 554 4252 Pam.
581 4197 658 4251 Uaro.
682 4203 778 4264 4,1,12.
801 4197 1161 4263 Praecipitasse.
1183 4201 1285 4265 10,288.

183 4273 214 4321 17
235 4267 326 4337 spiris]
347 4293 381 4314 τε
400 4269 478 4322 Seru.
498 4270 567 4322 Aen.
587 4274 673 4335 2217.
690 4269 724 4333 cs.
746 4267 823 4320 Pau
843 4268 881 4323 N.
900 4267 938 4320 H.
959 4273 992 4321 16
1012 4273 1027 4332 ς
1046 4272 1105 4321 198.
1187 4271 1218 4321 18
1238 4267 1327 4337 secus]

176 4340 282 4406 possim
310 4357 354 4407 op.
390 4339 525 4394 Plautum
665 4345 697 4394 19
731 4339 870 4410 sistentes]
909 4339 984 4406 Viry.
1017 4340 1087 4394 Aen.
1120 4343 1206 4405 4,489.
1241 4344 1327 4405 5,426.

182 4415 286 4478 mace.

234 4511 331 4550 Lucretii
347 4513 431 4553 Placidi
447 4514 586 4562 grammatici
600 4514 694 4563 glossae.
1097 4502 1113 4549 6
