3208 5090
734 353 948 416 -68-

270 511 498 595 Molocrum,
518 501 684 594 morbum,
707 533 802 595 quem
826 510 942 576 Graeci
965 507 1157 594 μυλήκορον
1181 509 1300 574 dicunt.

269 600 370 664 Male
394 599 613 664 consultum
636 599 769 682 habet,
792 600 877 664 male
897 595 1065 664 ¹consultat
1089 602 1121 662 et
1144 598 1230 662 male
1254 598 1389 681 cogitat.

270 687 516 771 Munificare,
539 688 726 753 muneribus
749 688 921 754 honorare.

270 776 511 860 Manducum,
533 777 677 860 ligneam
699 776 842 841 hominis
861 777 1001 860 figuram
1024 777 1202 860 ingentem,
1226 797 1307 860 quae
1332 777 1417 840 solet

244 885 256 924 s
315 865 401 929 ludis
426 867 623 931 circensibus
647 865 750 930 malas
774 888 904 930 mouere
928 865 968 930 ad
992 866 1084 950 quasi
1107 864 1372 930 manducandum.

632 1166 772 1252 Gtossae,
776 1189 835 1252 per
858 1169 896 1270 N
914 1168 1057 1233 litteram.

270 1310 302 1378 N
308 1316 438 1394 autea,
461 1328 546 1395 aqua
568 1302 664 1375 coriis
688 1310 822 1394 foetida,
845 1310 879 1374 in
903 1333 966 1394 qua
989 1310 1113 1396 corium
1136 1313 1327 1374 maceratur.

270 1401 482 1483 Nanfurae,
506 1400 591 1484 quod
614 1399 730 1463 medici
754 1397 934 1482 ‘naphtam'
958 1402 1084 1463 uocant.

270 1489 450 1571 Numero,
473 1510 625 1572 propere,
647 1487 811 1552 uelociter.

232 1577 609 1662 10†Artheraterem‚
633 1576 813 1660 aruspicem
837 1575 987 1641 Tuscum.

269 1667 302 1732 N
307 1687 356 1730 on
380 1666 541 1751 quitum,
563 1689 629 1731 non
651 1667 872 1749 impetratum.

268 1756 301 1820 N
307 1755 488 1839 cecitate,
511 1755 676 1839 inquirite.

269 1843 350 1918 Noe
357 1865 480 1928 geum,
502 1845 633 1928 nigrum
655 1843 792 1927 pallium
815 1846 921 1908 tenue.

270 1933 430 2016 Narria,
452 1934 560 2017 piscis.

231 2041 255 2079 15
270 2021 516 2105 Nefrendem,
539 2020 696 2086 infantem
710 2021 854 2085 nondum
868 2021 1048 2102 dentatum,
1072 2020 1127 2104 qui
1145 2019 1292 2085 frendere
1307 2022 1416 2086 cibum

313 2110 457 2174 nondum
480 2110 605 2192 didicit,
629 2109 662 2174 id
685 2104 734 2173 est
757 2110 917 2194 frangere.

268 2199 301 2264 N
306 2199 403 2282 oxit,
425 2199 524 2263 noxia
547 2199 591 2262 sit
613 2199 667 2262 uel
689 2201 813 2263 noceat.

342 2488 355 2536 1
376 2481 503 2536 morbum
523 2480 559 2534 G:
579 2497 644 2534 mox
663 2479 710 2547 ΡΙ
727 2475 884 2548 μῦλήκορον
904 2479 977 2534 Fosi.
999 2479 1095 2534 Paci:
1115 2479 1202 2534 milon
1222 2478 1254 2548 0,
1274 2480 1362 2535 milan
1380 2480 1415 2549 B,

269 2553 366 2606 milam
381 2553 420 2620 H,
438 2551 537 2605 milion
550 2568 594 2604 om
666 2556 681 2604 2
701 2550 787 2605 habet
800 2551 912 2618 scripsi:
931 2550 1036 2604 habent
1047 2549 1076 2619 0,
1095 2551 1199 2605 habeat
1218 2571 1238 2604 ω
1255 2554 1259 2618 Ι
1277 2552 1416 2608 consultat

272 2622 307 2676 0:
327 2623 454 2677 consulat
477 2643 498 2676 ω
516 2626 519 2690 Ι
536 2622 644 2693 cogitat
663 2621 732 2676 Goa:
756 2620 863 2690 cogitet
885 2621 943 2673 HR
1016 2627 1031 2674 3
1054 2622 1189 2676 honorare
1209 2622 1247 2675 G:
1271 2639 1369 2676 ornare
1390 2623 1418 2674 P

270 2702 287 2748 4
306 2692 466 2748 Mandicum
486 2693 512 2747 G
527 2695 531 2759 Ι
546 2693 670 2764 ligneam
690 2692 728 2746 G:
746 2692 851 2746 lineam
871 2691 1002 2761 Gmarpo
1021 2693 1059 2760 H,
1078 2692 1189 2747 laneam
1207 2693 1235 2746 R
1307 2693 1416 2747 eludis

271 2764 304 2818 G:
323 2782 374 2819 om.
394 2785 415 2818 ω
432 2767 436 2832 Ι
453 2764 489 2819 ad
507 2765 550 2817 H:
570 2781 619 2818 ora.
639 2785 660 2818 ω
677 2766 681 2832 l
697 2763 892 2818 manducando
908 2762 933 2816 G
1020 2769 1034 2816 7
1054 2764 1136 2817 coriis
1154 2780 1216 2817 aas:
1236 2764 1304 2818 corii
1323 2766 1389 2818 libri
1409 2764 1412 2835 t

271 2835 347 2890 coria
365 2838 542 2891 macerantur
560 2835 586 2890 G
693 2841 709 2890 8
728 2833 870 2889 Nanfurae
890 2834 924 2887 H
939 2835 1015 2888 codd.
1040 2834 1101 2906 Vct.
1121 2840 1150 2888 2:
1169 2834 1293 2889 Nanfure
1318 2835 1379 2890 Vct.
1399 2841 1427 2888 2.

272 2907 388 2976 Papias,
408 2907 541 2962 Namfure
556 2908 581 2961 G
597 2910 601 2975 Ι
617 2908 734 2976 naptam
748 2907 814 2959 iibri
885 2912 901 2959 9
915 2921 1003 2976 prope
1017 2906 1083 2959 libri
1155 2911 1188 2959 10
1206 2907 1416 2961 Artheratorem

275 2978 336 3033 Vct.
354 2986 367 3031 1
442 2984 473 3031 12
493 2978 639 3032 Noscitate
652 2978 765 3046 scripsi:
780 2976 905 3031 Nesdate
921 2976 955 3044 P,
974 2975 1106 3030 Nesciate
1121 2976 1147 3030 G
1220 2984 1252 3031 13
1271 2977 1415 3048 Noegeum

269 3049 383 3103 Festus:
403 3050 531 3118 Nageum
545 3050 611 3104 iibri
626 3050 631 3117 Ι
647 3046 758 3117 nigrum
774 3047 812 3100 P:
832 3047 948 3117 nogium
963 3048 989 3101 G
1065 3053 1099 3100 14
1114 3047 1216 3102 Narria
1229 3047 1296 3102 RG:
1315 3049 1416 3103 Notria

269 3121 308 3186 H,
327 3119 431 3174 Norica
451 3120 548 3174 Picut.
568 3137 613 3188 cp.
633 3119 717 3188 Fosi„
736 3118 837 3172 Narita
855 3118 957 3187 Scaiip.
981 3119 1018 3172 od
1036 3118 1111 3173 Fosi.
1191 3125 1223 3172 15
1243 3119 1414 3174 Nefrendcm

272 3190 333 3244 OG:
354 3190 521 3245 Nefrehdem
541 3191 579 3258 H,
599 3190 748 3245 Neiredem
766 3189 794 3243 R
872 3196 904 3244 16
923 3206 1066 3259 nunquam
1085 3189 1184 3244 didicit
1204 3190 1238 3256 P,
1257 3207 1312 3244 non
1331 3193 1416 3260 queat

270 3263 296 3315 G
404 3261 543 3386 ptpNoxit
560 3261 657 3338 HRG:
683 3260 788 3316 Noxiat
807 3259 839 3330 0,
865 3261 959 3316 Noxat
982 3261 1043 3314 Vct.
1059 3265 1136 3321 1552.
1158 3265 1234 3316 1889,
1257 3264 1261 3330 Ι
1281 3262 1412 3334 noxae!

269 3332 353 3387 sito:
373 3348 402 3387 es

237 3463 240 3470 ²
343 3479 356 3525 1
386 3473 553 3543 molocrum]
586 3473 660 3528 Fosi.
695 3480 798 3542 141,20.
839 3473 993 3528 Moloorum
1026 3490 1081 3527 non
1114 3473 1205 3528 solum
1237 3492 1292 3544 quc
1324 3476 1415 3530 molae

269 3545 417 3598 uertuntur
432 3543 547 3610 dicitur,
566 3543 596 3598 id
611 3544 685 3613 quod
700 3542 800 3598 Graeci
814 3538 973 3613 μυλήκορον
987 3544 1139 3614 appellant,
1155 3546 1203 3599 sed
1218 3548 1304 3600 etiam
1322 3549 1416 3601 tumor

269 3615 390 3683 uentris,
423 3615 471 3684 qui
505 3615 590 3670 etiam
614 3614 770 3684 uirginibus
801 3614 932 3668 incidere·
952 3615 1030 3669 nolet.
1063 3615 1136 3670 Fosi.
1168 3615 1250 3673 Paci.
1275 3624 1361 3684 140‚7.

269 3694 287 3741 4
305 3687 485 3757 manduoum]
506 3686 580 3740 Fosi.
601 3686 684 3741 Paul.
701 3693 805 3753 raaia.
831 3685 911 3740 Vcrr.
926 3686 960 3739 L.
975 3686 1008 3739 L.
1025 3692 1093 3754 7,95.
1113 3687 1235 3741 Ioannes
1253 3689 1285 3742 de
1304 3689 1414 3742 Ianua:

269 3757 435 3825 Manducus‚
453 3757 605 3826 ioculator‚
625 3775 672 3812 ore
691 3757 780 3825 hians,
797 3757 918 3826 turpiter
931 3758 1074 3811 mandens.
1147 3765 1162 3812 7
1181 3760 1285 3813 nautea
1318 3759 1415 3814 Praei.

272 3828 350 3882 Gwrc.
373 3834 449 3897 1‚2,5.
471 3829 530 3884 Gcs.
551 3835 646 3896 5‚2‚44.
666 3829 740 3882 Noa.
760 3833 812 3896 8‚4.
831 3827 905 3882 Fosi.
927 3834 1030 3898 165,27.
1134 3834 1149 3882 9
1168 3847 1283 3884 numero
1317 3830 1414 3884 Paci.

271 3899 610 3968 Mea.2‚2,13.etc.cht.
630 3906 717 3968 mos.
736 3898 873 3954 Antonius
891 3900 961 3954 haec
980 3899 1034 3953 ait:
1053 3916 1168 3954 numero
1189 3900 1318 3954 ‘nimium
1337 3901 1414 3969 cito3,

271 3969 410 4026 ‘celeriter
428 3970 568 4038 nimium',
587 3973 620 4025 ut
636 3969 755 4024 Plautus
772 3971 802 4024 in
821 3969 921 4024 Casina
939 3976 985 4025 cic.
1005 3971 1079 4024 Noa.
1099 3975 1204 4038 352,16,
1313 3979 1346 4026 12
1366 3989 1413 4027 no·

270 4041 382 4111 scitata]
410 4042 444 4108 cf.
471 4041 567 4095 Picat.
598 4042 662 4097 Miz.
691 4047 787 4109 2,o,41.
811 4047 857 4096 etc.
971 4047 1003 4095 13
1027 4042 1176 4112 noegeum]
1206 4042 1280 4096 Fosi.
1310 4049 1413 4110 raam.

269 4114 415 4182 Noegeum
429 4112 542 4181 quidam
557 4111 672 4168 amiculi
684 4129 772 4181 genus
786 4114 962 4181 praetextum
976 4129 1106 4182 purpura.
1135 4114 1249 4182 quidam
1264 4115 1414 4168 candidum

270 4201 303 4238 ac
321 4183 508 4254 perlucidum,
527 4182 609 4252 quasi
627 4200 644 4237 a
662 4199 763 4251 nauco,
783 4182 857 4252 quod
875 4185 1009 4252 putamen
1023 4185 1196 4252 quorundam
1210 4201 1357 4254 pomorum
1372 4189 1415 4240 est

269 4254 464 4309 tenuissimum
492 4271 546 4308 non
574 4253 633 4308 sine
659 4253 791 4320 candore,
819 4256 852 4307 ut
873 4253 969 4307 Liuius
992 4253 1033 4307 ait
1055 4253 1083 4307 in
1108 4255 1236 4324 Odyssia:
1267 4256 1362 4310 ‘simul
1381 4273 1414 4310 ao

269 4324 400 4380 lacrimas
419 4326 454 4380 de
473 4342 520 4379 ore
539 4342 646 4394 noegeo
664 4325 790 4379 detersit'
814 4325 844 4378 id
863 4327 907 4379 est
925 4325 1052 4379 candido.
1162 4332 1195 4379 14
1215 4327 1320 4398 narria]
1339 4327 1413 4384 Fest.

271 4402 376 4462 166‚21.
475 4402 507 4450 15
525 4396 698 4466 nefrendem]
719 4395 793 4452 Fest.
813 4401 917 4464 roam.
937 4396 1015 4452 Sera.
1034 4396 1103 4451 Aea.
1123 4402 1210 4466 8330.
1232 4398 1293 4452 Ter.
1313 4399 1412 4454 Socra.

271 4467 339 4522 ortt.
360 4471 464 4533 mola.
486 4467 521 4522 P.
537 4467 591 4520 ΟΡ
602 4485 632 4536 p.
652 4473 712 4522 318.
