3208 5090
575 273 884 360 ,ees-

205 429 454 515 Scurrilitas,
477 433 566 496 iocus
590 433 772 516 improbus,
796 431 890 518 quasi
914 429 1016 495 ‘uelut
1039 453 1151 494 caecus
1176 430 1298 496 currit'.

205 519 384 604 Spurium
406 522 646 604 nummisma,
669 521 787 596 falsum
812 524 844 584 et
859 524 1046 602 corruptum
1070 521 1102 582 ot
1125 518 1351 586 adulterinum.

205 607 402 694 Suppetit,
426 610 612 694 suppeditat
634 610 687 672 uel
711 613 838 672 constat
861 609 914 673 uel
937 608 1110 672 inuenitur.

204 696 397 762 Subnixus
431 703 481 762 est
516 699 694 762 instructus
728 698 835 780 aliquo
875 697 1005 762 auxilio.
1049 697 1129 760 item
1162 697 1352 762 subnixus

174 785 188 824 ⁵
249 787 399 852 suffultus
423 809 462 850 ex
485 787 572 852 omni
597 790 699 870 parte.

203 873 465 958 Supellectile
489 875 608 939 dicitur
631 897 725 939 omne
749 875 1001 939 instrumentum
1025 879 1057 938 et
1081 876 1214 938 ornatus
1229 873 1353 939 domus.

204 961 470 1046 Sacrilegium
497 965 615 1028 dicitur
638 965 723 1028 sacri
749 963 880 1028 furtum.
917 963 1048 1046 legere
1080 963 1167 1026 enim
1198 967 1231 1026 et
1264 964 1352 1028 sub-

247 1052 380 1135 legere
402 1053 506 1116 furari
529 1053 657 1118 dicitur.

203 1139 336 1224 Scylla
358 1141 453 1225 uirgo
472 1143 676 1232 pubetenus,
698 1140 824 1224 reliqua
846 1163 922 1224 pars
937 1139 1071 1204 inferior
1095 1140 1202 1204 cincta
1217 1143 1351 1205 canibus

163 1231 188 1267 ¹⁰
247 1233 280 1293 et
306 1229 406 1314 lupis,
435 1252 516 1314 quae
544 1230 712 1295 dicebatur
739 1230 825 1293 inter
854 1227 1000 1294 Siciliam
1028 1231 1061 1292 et
1083 1228 1217 1292 Italiam
1240 1232 1352 1314 latere,

246 1340 389 1403 quaeque
421 1341 521 1386 naues
554 1322 759 1384 transeuntes
794 1318 829 1381 in
860 1318 958 1381 litora
990 1317 1142 1381 trahebat
1171 1323 1203 1382 et
1233 1341 1270 1382 er
1298 1319 1351 1384 hia

247 1411 392 1492 arreptos
411 1407 559 1478 homines
584 1409 651 1472 suis
676 1408 810 1472 canibus
833 1406 980 1492 lupisque
1004 1406 1192 1490 proiciebat.

568 1619 696 1685 Gloasoe
713 1641 772 1702 per
796 1620 826 1683 T
847 1621 989 1684 litteram.

201 1761 361 1845 Taedet,
380 1761 562 1835 taediosum
584 1762 636 1826 uel
660 1762 740 1825 satis
765 1760 919 1825 odiosum.

162 1850 365 1917 15Τ11111111
394 1851 511 1915 dicitur
533 1850 764 1915 libramentum
786 1850 839 1912 uel
862 1850 945 1914 unde
968 1850 1183 1932 ponderamus
1208 1852 1349 1914 staterae

118 2011 127 2023 „¹
175 2011 178 2019 ¹
245 1939 383 2021 lancem,
406 1939 459 2003 uel
483 1959 617 2002 examen
638 1939 674 2004 id
694 1944 739 2003 est
760 1938 860 2002 filum.

201 2027 328 2091 Theos
353 2027 430 2091 deus
455 2030 514 2091 est.
537 2026 674 2090 atheos
699 2026 816 2091 dicitur
840 2027 894 2110 qui
918 2029 1007 2091 caret
1030 2027 1100 2092 dcc.

200 2116 422 2181 Teloneum.
455 2115 675 2180 ‘telonearius’
697 2114 813 2179 melius
837 2138 934 2199 quam
958 2114 1181 2180 teloniarios.
1237 2156 1240 2163 -

201 2204 413 2289 Temetum,
436 2207 557 2288 uinum,
581 2205 664 2288 quod
687 2208 827 2288 temptet
849 2207 973 2269 mentes
998 2208 1031 2269 et
1053 2204 1152 2269 faciat
1174 2205 1326 2270 titubare.

160 2303 186 2341 ²0
200 2293 362 2369 Tonsae,
388 2295 478 2360 remi.

202 2383 329 2466 Toris,
353 2384 516 2448 membris.

273 2671 285 2717 1
308 2664 389 2732 quasi
407 2663 495 2718 HRo:
535 2664 564 2717 ui
584 2663 613 2730 (1,
632 2665 664 2718 ut
682 2666 725 2718 est
745 2664 853 2732 Papius
925 2670 940 2716 2
960 2663 1128 2717 nummisma
1148 2663 1182 2717 O:
1205 2663 1347 2733 baptisma

200 2755 221 2786 ω
295 2735 496 2804 3suppeditat
543 2736 636 2804 optas:
656 2735 819 2816 subpeditat
836 2752 861 2803 o,
880 2737 995 2803 superat
1016 2735 1043 2786 P
1118 2738 1347 2789 tornamentum

200 2805 243 2858 θ’
299 2807 363 2860 711
383 2805 423 2859 P:
441 2806 488 2859 uel
507 2805 534 2860 G
606 2813 636 2859 11
657 2822 738 2859 naurs
759 2803 850 2874 Plin
867 2805 950 2859 litore
968 2806 1100 2860 trahebat
1116 2805 1149 2872 P,
1169 2807 1301 2859 trahebat
1318 2806 1346 2860 in

198 2875 266 2928 litus
285 2876 310 2928 G
327 2877 330 2944 Ι
346 2876 390 2930 his
411 2877 448 2930 P:
469 2875 553 2930 eisG
653 2876 751 2930 141111
770 2875 864 2931 11110
936 2882 967 2930 15
986 2876 1185 2929 libramentum
1204 2877 1276 2930 unde
1296 2877 1345 2948 Gt

200 2948 321 3001 staterae
344 2949 455 3016 scripsi:
485 2950 619 3002 stateram
642 2948 677 3000 H
697 2947 758 3001 Vol.
780 2953 926 3014 1511111,
950 2945 1118 3012 1111111101,
1142 2950 1249 3001 statera
1266 2946 1294 3000 R

201 3025 233 3073 16
244 3018 352 3072 lancem
362 3035 423 3072 aas:
439 3019 533 3074 lanam
544 3019 610 3072 libri
626 3020 629 3082 1
645 3019 691 3072 uel
701 3018 789 3073 HRo:
805 3021 834 3073 et
845 3015 908 3074 Omr
924 3019 927 3088 1
944 3035 1060 3074 examen
1072 3017 1179 3072 OHmr:
1199 3020 1308 3072 stamen
1322 3035 1346 3085 o,

199 3088 389 3144 examinamur
415 3089 475 3145 Vnt.
497 3089 631 3157 15111111
650 3093 693 3143 est
711 3106 761 3144 aas
779 3091 938 3144 addidimus
1020 3096 1051 3142 11
1072 3091 1142 3142 boire
1160 3089 1277 3157 9111111111
1296 3105 1346 3143 om.

200 3161 266 3214 Mat
285 3161 377 3214 Theos
395 3160 438 3214 H:
459 3161 533 3214 Thoe
554 3160 712 3227 01111111
731 3161 769 3228 H,
789 3161 856 3218 atho
878 3159 918 3225 01
934 3160 1001 3228 quia
1019 3160 1053 3212 H
1123 3165 1155 3212 18
1174 3159 1346 3214 thelonarius

200 3231 299 3286 melius
319 3249 403 3300 quam
422 3232 597 3288 tholouarius
617 3231 643 3285 G
717 3238 748 3288 19
768 3234 864 3286 teneat
883 3232 908 3285 d

270 3325 286 3375 8
306 3321 443 3392 suppetit]
468 3321 502 3387 cf.
527 3321 660 3390 suppetat
682 3337 728 3388 op.
743 3321 852 3374 ‘Plorat
874 3320 1048 3388 Ρ111.3,1,3.
1176 3327 1207 3373 15
1227 3318 1346 3390 trutina]

203 3390 313 3445 Vitrea.
334 3398 402 3459 10,8.
519 3391 551 3444 Id
570 3393 663 3445 autem
683 3409 716 3445 ex
734 3393 860 3461 trutinis,
886 3409 957 3460 quae
974 3394 1097 3446 staterae
1117 3390 1259 3457 dicuntur,
1279 3390 1347 3444 licet

198 3461 381 3516 considerare.
415 3462 483 3516 Cum
504 3463 578 3516 enim
597 3479 665 3517 ansa
682 3463 797 3533 propius
816 3465 913 3532 caput,
936 3463 1010 3516 unde
1028 3462 1141 3516 lancula
1159 3461 1277 3531 pendet,
1297 3461 1347 3514 ubi

198 3535 230 3585 ut
253 3535 378 3588 centrum
403 3538 446 3587 est
469 3534 620 3601 collocata,
649 3537 678 3589 et
700 3534 917 3603 aequipondium
941 3535 970 3588 in
996 3534 1115 3588 alteram
1140 3537 1249 3602 partem
1269 3533 1346 3601 scapi

197 3619 248 3671 per
273 3606 378 3673 puncta
402 3606 545 3674 negando,
572 3622 627 3672 quo
650 3605 762 3673 longius
785 3609 834 3659 aut
853 3604 939 3658 etiam
958 3605 994 3658 ad
1013 3606 1168 3658 extremum
1185 3603 1347 3671 perducitur

197 3674 294 3742 paulo,
315 3676 400 3728 etiam
419 3676 482 3745 pari
499 3676 621 3744 pondere
640 3676 841 3744 amplissimam
859 3675 1022 3744 pensionem
1040 3691 1136 3743 parem
1155 3673 1277 3742 perficit,
1296 3691 1346 3742 per

199 3745 276 3813 scapi
293 3745 473 3799 librationem
493 3749 521 3800 et
535 3746 770 3800 examinationem
785 3747 896 3815 longius
911 3763 928 3799 a
947 3752 1041 3800 centro
1060 3747 1243 3808 recedentem.
1274 3747 1344 3799 Isid.

199 3822 312 3884 16,25‚4.
333 3815 450 3871 Trutina
464 3819 507 3871 est
521 3817 641 3885 gemina,
660 3818 815 3885 ponderum
829 3817 922 3870 lances
941 3817 1054 3885 aequali
1068 3817 1194 3870 examine
1213 3817 1344 3885 pendens,

198 3887 275 3942 facta
297 3889 413 3956 propter
435 3887 545 3942 talenta
568 3890 596 3941 et
619 3889 779 3942 centenaria
803 3887 1048 3957 appendenda
1068 3888 1165 3942 eadem
1184 3890 1214 3940 et
1232 3888 1344 3954 statera,

197 3975 300 4012 nomen
318 3975 352 4012 ex
365 3975 485 4030 numero
494 3959 612 4024 habens,
632 3959 707 4026 quod
726 3959 834 4013 duabus
853 3959 980 4013 lancibus
998 3961 1028 4014 et
1045 3975 1101 4012 uno
1119 3958 1149 4011 in
1167 3957 1259 4010 medio
1278 3957 1345 4012 stilo

197 4029 300 4083 librata
318 4029 474 4097 aequaliter
493 4031 556 4084 stet.
580 4045 697 4083 examen
715 4033 758 4083 est
775 4029 853 4083 filum
867 4029 1003 4096 medium,
1023 4047 1078 4098 quo
1097 4029 1220 4082 trutinae
1239 4029 1345 4082 statera

197 4117 226 4154 re
250 4101 304 4154 'tur
323 4102 351 4155 et
369 4100 462 4154 lances
482 4102 645 4170 aequantur.
720 4107 752 4155 18
770 4100 925 4170 teloneum]
942 4099 1025 4155 Prob.
1039 4101 1166 4169 Appcad.
1183 4105 1287 4166 197,19.
1306 4100 1343 4152 Κ.

197 4173 237 4226 Te
250 4172 360 4239 onium,
384 4188 439 4225 non
461 4173 611 4226 teloneum.
647 4171 722 4225 Noa.
745 4177 833 4238 24,13.
866 4172 1017 4226 Portitores
1041 4171 1171 4226 dicuntur
1189 4169 1344 4237 telonearii,

197 4242 245 4311 qui
263 4244 376 4313 portum
395 4242 554 4297 obsidentes
573 4242 668 4297 omnia
686 4242 874 4310 sciscitantur,
897 4246 929 4297 ut
948 4261 982 4298 ex
1000 4260 1033 4298 eo
1052 4242 1174 4312 uectigal
1194 4241 1342 4310 accipiant.

198 4321 230 4368 19
249 4315 398 4384 temetum]
418 4315 491 4368 Fert.
508 4320 612 4381 364,30.
627 4314 701 4369 Noa.
719 4320 768 4383 5,4.
787 4316 890 4370 Donat.
905 4316 994 4370 Aadr.
1012 4321 1088 4383 1,4,a.
1180 4319 1214 4366 10
1233 4313 1343 4383 tonsae]

197 4386 275 4440 Sera.
294 4388 363 4440 Aea.
384 4392 453 4455 7,28.
473 4385 547 4440 Fert.
566 4391 672 4456 356,34.

1095 4475 1131 4528 11*
