3208 5090
730 327 948 392 ..66-

266 489 386 554 Moris
414 489 568 573 quippe,
600 487 701 552 habet
724 508 847 551 morem
870 486 923 551 uel
946 484 1211 550 consuetudinem
1233 483 1286 547 uel
1309 504 1413 547 usum.

265 577 538 662 Meticulosus,
560 577 760 641 metuendus.

175 671 182 676 '
265 666 498 750 Municipes,
530 665 701 730 curialium
732 664 886 752 maiores,
919 685 957 728 ex
989 684 1027 727 eo
1060 662 1145 747 quod
1177 682 1311 726 munera
1342 660 1412 724 fisci

310 755 397 819 idem
419 754 589 838 accipiant.
739 755 741 758 ’

241 842 462 908 aMordicua
486 847 638 925 tenens,
661 864 773 907 morsu
795 842 889 927 quasi
911 845 1033 906 tenens.

265 931 450 996 Mutilare
473 936 525 996 cst
548 932 686 1015 aliquid,
714 931 798 1016 quod
822 931 865 994 sit
888 930 1066 1014 integrum,
1093 929 1296 1012 detruncare,
1322 931 1361 992 ut
1384 927 1413 992 si

310 1021 382 1104 quis
411 1020 537 1085 homini
564 1042 695 1086 manum
719 1023 879 1103 amputet,
903 1018 1070 1083 mutilabit
1093 1039 1178 1102 eum,
1207 1021 1263 1081 aut
1286 1016 1412 1082 arboris

309 1113 436 1192 partem
460 1109 603 1193 aliquam
625 1108 679 1174 uel
703 1108 855 1173 aedificii.-

186 1265 194 1276 ,
265 1197 453 1262 Menenca
479 1198 515 1262 in
542 1198 672 1262 cerebro
701 1198 891 1261 membrana
919 1196 1076 1281 quaedam
1104 1195 1158 1259 uel
1180 1217 1256 1278 pars
1280 1195 1412 1258 cerebri.

228 1306 254 1345 ro
312 1290 363 1350 cst
385 1291 493 1351 autem
517 1306 678 1371 graecum.
1149 1281 1151 1286 ’
1329 1361 1335 1367 ,

265 1375 404 1459 Magno
429 1397 543 1459 opere
566 1377 646 1462 †eat
668 1375 878 1458 admagnum
892 1395 973 1457 opus
997 1395 1066 1438 esse
1090 1394 1284 1458 quemquam
1307 1393 1413 1436 neces-

311 1464 442 1528 sarium.
1372 1500 1375 1504 ·

265 1551 444 1616 Minitari
468 1556 518 1616 est
540 1551 638 1618 alicui
660 1553 777 1636 plagas
800 1551 854 1616 uel
878 1548 990 1616 caedes
1015 1551 1142 1615 minari.

265 1640 536 1726 †Mulcitator,
559 1640 727 1726 delinitor,
751 1641 958 1724 compositor.
985 1640 1152 1704 mulcere
1167 1639 1254 1703 enim
1278 1638 1412 1703 delinire

227 1748 252 1789 15
311 1734 374 1814 est,
397 1753 417 1794 a
439 1730 544 1794 mulso
568 1730 699 1795 dictum.
917 1741 935 1770 0

265 1817 399 1883 Moliri
423 1819 534 1883 conari
557 1822 607 1883 est
630 1822 687 1904 aut
711 1818 835 1902 aliquid
857 1840 931 1882 cum
953 1839 1046 1882 mora
1070 1837 1175 1901 agere.

265 1906 558 1992 Manticulatio,
579 1907 714 1973 fallacia
736 1908 789 1972 uel
812 1906 1019 1972 lenocinium.

264 1994 453 2080 Murgiso,
476 1995 604 2081 irrisor,
626 1996 751 2062 illusor.

265 2083 433 2170 †Masi0,
455 2085 552 2149 malo.

226 2192 252 2231 ac
266 2173 533 2257 Manticulam,
555 2172 730 2238 uictoriam
753 2195 873 2258 peram.

265 2261 594 2346 Manifestarium,
616 2266 787 2327 nocentem
810 2263 865 2327 uel
887 2261 1030 2327 noxium.

265 2349 501 2415 Mulcantem
534 2373 752 2435 aerumnas,
777 2352 893 2415 misere
925 2350 1100 2416 uiuentem.
1147 2372 1330 2415 aerumna
1361 2355 1412 2414 est

309 2439 450 2505 miseria.
920 2507 922 2511 .

265 2527 528 2613 Magmentum
555 2528 614 2594 alii
639 2528 891 2613 pinguissimum
914 2525 1074 2613 extorum,
1097 2528 1154 2594 alii
1178 2530 1317 2595 secunda
1339 2550 1411 2612 pro·

338 2745 351 2794 1
371 2757 452 2794 usum
476 2738 563 2794 habet
584 2737 610 2792 G
731 2745 748 2793 4
774 2738 849 2793 idem
867 2738 1009 2808 accipiant
1027 2739 1064 2793 G:
1083 2738 1294 2808 demaneipiant
1311 2738 1347 2809 ll,
1365 2738 1411 2794 de

265 2809 429 2881 mancipant
445 2811 481 2865 Η
553 2808 734 2864 ‘lmutilauit
752 2810 778 2864 G
857 2809 1012 2865 Saedificii
1030 2809 1140 2864 auferat
1158 2810 1184 2864 G
1257 2816 1288 2865 11
1308 2810 1411 2880 Magno

265 2953 591 3021 ff
622 2881 737 3020 re.
770 2887 837 3006 ..c
855 2881 1412 3020 accresceretur

264 3023 320 3077 ee
340 3023 448 3092 Papias
466 3025 548 3089 rae„
566 3021 727 3077 nursiam
744 3023 860 3077 naam
946 3030 978 3078 rc
997 3023 1093 3077 conae
1111 3025 1154 3076 ea
1173 3022 1211 3076 e:
1231 2994 1365 3078 eoam..
1385 3022 1413 3074 P

266 3094 271 3166 l
290 3096 340 3149 aut
357 3111 419 3149 reos:
439 3096 484 3148 est
503 3093 537 3160 P,
556 3094 592 3148 et·
604 3093 630 3147 G
708 3099 740 3147 17
759 3092 952 3148 Menticulatio
972 3094 1021 3163 ΗΙ
1038 3093 1207 3148 lenocinium
1226 3094 1263 3149 G:
1282 3093 1412 3148 lanctisia

267 3165 295 3218 P
374 3198 376 3208 .
402 3170 435 3218 18
453 3164 606 3234 Murgissor
626 3164 667 3231 P,
685 3164 829 3234 Murgison
846 3182 936 3233 eamr,
955 3165 1094 3235 Murgisso
1114 3164 1235 3234 Papias,
1254 3164 1412 3235 Murgisson

265 3237 374 3292 Daeba.
392 3237 468 3291 codd.
483 3237 573 3304 pares.
590 3238 594 3303 Ι
610 3233 708 3289 illusor
728 3235 849 3304 Papias:
867 3237 945 3290 lusor
963 3235 1017 3289 PG
1090 3241 1122 3290 19
1141 3235 1231 3290 Masis
1253 3237 1286 3303 P,
1306 3237 1411 3290 Messio

268 3307 302 3363 G.
321 3307 386 3374 sort.
404 3307 531 3361 Matiane
550 3305 712 3376 (Mattiaco)
728 3308 732 3375 Ι
748 3307 824 3362 malo
841 3307 882 3361 R:
900 3306 987 3361 Malio
1005 3307 1045 3376 H,
1063 3307 1149 3361 mallo
1169 3307 1195 3361 G
1282 3313 1318 3361 24
1335 3307 1414 3376 Mag·
1460 3325 1466 3334 ·

187 3439 189 3444 y
266 3381 389 3433 mentem
409 3378 456 3445 ΡΙ
472 3379 599 3432 extorum
618 3377 749 3431 Mueller:
775 3379 901 3431 exterum
920 3378 953 3446 G,
977 3380 1007 3432 et
1024 3380 1084 3432 cete
1104 3378 1134 3445 0,
1153 3394 1299 3432 excernere
1317 3378 1376 3431 HR

337 3455 353 3501 3
372 3447 539 3517 municipes]
554 3472 588 3492 =
603 3448 675 3501 Isid.
694 3448 731 3501 D.
752 3448 783 3503 V.
797 3455 859 3503 371.
923 3455 939 3503 9
953 3449 1100 3519 marenca]
1115 3473 1149 3494 =
1164 3450 1272 3518 μῆνιγξ.
1290 3450 1410 3517 Papiae:

265 3518 398 3588 Menigan
421 3518 620 3588 (meningam‘l)
644 3516 744 3572 Graeci
765 3522 869 3573 uocant
895 3519 1087 3574 membranam
1110 3519 1218 3588 capitis.
1255 3521 1293 3575 ld.
1317 3519 1412 3574 Meuia

267 3590 436 3673 (meningal)
459 3605 560 3660 graece
582 3589 775 3644 membranula
797 3590 904 3644 cerebri
926 3590 973 3644 uel
994 3590 1101 3645 uentris
1120 3589 1230 3645 dicitur.
1309 3591 1411 3645 1311ιὶ-

264 3659 361 3730 nitari]
392 3659 548 3715 minitarier
572 3660 668 3715 Plaol.
700 3666 779 3729 3‚4,3.
812 3661 913 3716 Bacch.
945 3666 1040 3730 1,2,44.
1168 3667 1203 3715 14
1236 3661 1410 3732 mulcitator]

265 3734 336 3787 Isld.
357 3737 461 3799 10,179.
489 3732 628 3787 Mulcator
646 3747 678 3786 ec
698 3732 772 3801 quod
786 3731 897 3787 blandis
911 3732 1005 3787 uerbis
1018 3732 1141 3787 mulceat
1160 3733 1196 3786 ad
1214 3732 1411 3787 declinandum

265 3801 398 3860 animum.
430 3802 578 3858 translatio
596 3820 614 3857 a
630 3802 735 3870 mulso,
754 3803 784 3856 id
803 3803 937 3872 estquod
956 3805 1102 3874 acceptum
1121 3803 1207 3858 lenire
1227 3804 1299 3859 solet
1316 3804 1410 3858 fauces

264 3874 391 3928 dolentes
418 3875 468 3928 aut
493 3874 639 3943 oppletum
666 3873 792 3928 sordibus
820 3875 1003 3930 stomachum.
1130 3880 1163 3928 18
1182 3874 1317 3944 murgisc]
1336 3875 1410 3929 Fesl.

267 3945 473 4011 Pcol.144,11.
506 3943 697 4014 Murgiscnem
719 3944 850 4000 dixerunt
871 3963 889 4000 a
911 3962 990 3999 mora
1008 3947 1037 4000 et
1060 3945 1206 4002 decisione.
1238 3948 1317 4016 ploos.
1336 3947 1409 4000 Iria.

264 4015 403 4085 Margine,
421 4014 539 4070 callidus
557 4018 753 4072 murmurator.
826 4023 858 4071 19
877 4017 979 4088 masio]
999 4018 1036 4071 cd
1054 4034 1081 4073 a.
1100 4016 1255 4078 matianum
1273 4034 1301 4071 c.
1317 4017 1409 4072 Macr.

264 4087 324 4142 Sal.
338 4092 435 4155 3,19,2.
454 4088 525 4141 Isld.
542 4092 636 4153 17‚'l,3.
653 4086 730 4140 Plio.
748 4092 779 4141 15
794 4093 809 4152 ὅ
824 4094 867 4144 49.
887 4088 989 4142 Colum.
1005 4092 1118 4155 5‚10‚1e.
1173 4094 1207 4141 20
1226 4087 1411 4142 manticulam

264 4157 338 4212 Fert.
364 4163 468 4226 133,l8.
496 4157 713 4214 Manticularum
738 4175 803 4212 usus
828 4159 996 4228 pauperibus
1024 4159 1054 4212 in
1080 4159 1201 4213 nummis
1226 4159 1409 4214 recondendis

264 4223 464 4284 etiam'nostro
483 4229 594 4284 saeculo
611 4227 674 4282 luit.
799 4235 832 4284 21
851 4229 1086 4301 manifestarium]
1112 4229 1208 4284 Plaut.
1228 4231 1294 4287 Aul.
1313 4236 1410 4299 3,4,10.

267 4300 344 4353 Trio.
356 4306 453 4368 4,2,50.
470 4300 523 4353 ΟΡ
530 4317 561 4368 p.
577 4305 636 4353 335.
656 4299 872 4370 Manifestarius‚
890 4300 920 4354 id
935 4303 1084 4371 estaperte
1097 4301 1204 4369 aliquid
1218 4303 1247 4356 et
1260 4301 1409 4355 manifeste

263 4369 388 4498 {emenii
503 4378 538 4424 24
560 4371 765 4442 magmentum]
794 4371 875 4428 Varr.
899 4371 933 4426 L.
952 4371 986 4426 L.
1006 4377 1092 4441 5,112.
1116 4371 1190 4428 Fert.
1213 4371 1297 4428 Paul.
1323 4376 1408 4442 128,4.

287 4456 342 4496 erc.
390 4457 430 4496 en.
449 4448 518 4512 4,5l.
