<?xml version="1.0" encoding="UTF-8"?>
<!DOCTYPE html PUBLIC "-//W3C//DTD XHTML 1.0 Transitional//EN"
    "http://www.w3.org/TR/xhtml1/DTD/xhtml1-transitional.dtd">
<html xmlns="http://www.w3.org/1999/xhtml" xml:lang="en" lang="en">
 <head>
  <title>
</title>
<meta http-equiv="Content-Type" content="text/html;charset=utf-8" />
  <meta name='ocr-system' content='tesseract 3.04.00' />
  <meta name='ocr-capabilities' content='ocr_page ocr_carea ocr_par ocr_line ocrx_word'/>
</head>
<body>
  <div class='ocr_page' id='page_1' title='image "./luctatiiplacidi00deuegoog_0096.png"; bbox 0 0 3208 5090; ppageno 0'>
   <div class='ocr_carea' id='block_1_1' title="bbox 657 293 875 357">
    <p class='ocr_par' dir='ltr' id='par_1_1' title="bbox 657 293 875 357">
     <span class='ocr_line' id='line_1_1' title="bbox 657 293 875 357; baseline 0.005 -20"><span class='ocrx_word' id='word_1_1' title='bbox 657 293 875 357; x_wconf 74' lang='grc'>,69-</span> 
     </span>
    </p>
   </div>
   <div class='ocr_carea' id='block_1_2' title="bbox 145 452 1337 2399">
    <p class='ocr_par' dir='ltr' id='par_1_2' title="bbox 145 452 1337 2399">
     <span class='ocr_line' id='line_1_2' title="bbox 190 452 1336 540; baseline 0.002 -22"><span class='ocrx_word' id='word_1_2' title='bbox 190 453 223 518; x_wconf 97' lang='lat' dir='ltr'><strong>N</strong></span> <span class='ocrx_word' id='word_1_3' title='bbox 233 453 455 536; x_wconf 87' lang='lat' dir='ltr'><strong>umellatns,</strong></span> <span class='ocrx_word' id='word_1_4' title='bbox 492 452 636 518; x_wconf 83' lang='lat' dir='ltr'>numella</span> <span class='ocrx_word' id='word_1_5' title='bbox 670 452 806 536; x_wconf 88' lang='lat' dir='ltr'><strong>ligatus,</strong></span> <span class='ocrx_word' id='word_1_6' title='bbox 842 452 874 515; x_wconf 90' lang='lat' dir='ltr'><strong>id</strong></span> <span class='ocrx_word' id='word_1_7' title='bbox 907 455 957 516; x_wconf 94' lang='lat' dir='ltr'><strong>est</strong></span> <span class='ocrx_word' id='word_1_8' title='bbox 989 453 1133 537; x_wconf 85' lang='lat' dir='ltr'><strong>uincu10,</strong></span> <span class='ocrx_word' id='word_1_9' title='bbox 1170 477 1233 539; x_wconf 91' lang='lat' dir='ltr'><strong>quo</strong></span> <span class='ocrx_word' id='word_1_10' title='bbox 1263 478 1336 540; x_wconf 90' lang='lat' dir='ltr'><strong>qua·</strong></span> 
     </span>
     <span class='ocr_line' id='line_1_3' title="bbox 236 542 604 626; baseline -0.005 -20"><span class='ocrx_word' id='word_1_11' title='bbox 236 542 392 626; x_wconf 91' lang='lat' dir='ltr'><strong>drupedes</strong></span> <span class='ocrx_word' id='word_1_12' title='bbox 417 542 604 625; x_wconf 77' lang='lat' dir='ltr'><strong>alligantur.</strong></span> 
     </span>
     <span class='ocr_line' id='line_1_4' title="bbox 145 628 699 715; baseline -0.004 -21"><span class='ocrx_word' id='word_1_13' title='bbox 145 643 146 648; x_wconf 77' lang='grc'>’</span> <span class='ocrx_word' id='word_1_14' title='bbox 188 630 220 694; x_wconf 93' lang='lat' dir='ltr'><strong>N</strong></span> <span class='ocrx_word' id='word_1_15' title='bbox 226 631 416 715; x_wconf 85' lang='lat' dir='ltr'><strong>asiterna,</strong></span> <span class='ocrx_word' id='word_1_16' title='bbox 439 653 497 695; x_wconf 89' lang='lat' dir='ltr'><strong>uas</strong></span> <span class='ocrx_word' id='word_1_17' title='bbox 522 628 699 714; x_wconf 89' lang='lat' dir='ltr'><strong>aquarium.</strong></span> 
     </span>
     <span class='ocr_line' id='line_1_5' title="bbox 188 719 547 803; baseline -0.003 -20"><span class='ocrx_word' id='word_1_18' title='bbox 188 719 330 803; x_wconf 90' lang='lat' dir='ltr'><strong>Nepos,</strong></span> <span class='ocrx_word' id='word_1_19' title='bbox 355 719 547 783; x_wconf 87' lang='lat' dir='ltr'><strong>luxuriosus.</strong></span> 
     </span>
     <span class='ocr_line' id='line_1_6' title="bbox 161 806 1015 892; baseline 0.005 -25"><span class='ocrx_word' id='word_1_20' title='bbox 161 807 363 892; x_wconf 79' lang='lat' dir='ltr'><strong>sNeniam‚</strong></span> <span class='ocrx_word' id='word_1_21' title='bbox 387 808 492 873; x_wconf 90' lang='lat' dir='ltr'><strong>finem.</strong></span> <span class='ocrx_word' id='word_1_22' title='bbox 525 809 606 872; x_wconf 87' lang='lat' dir='ltr'><strong>alias</strong></span> <span class='ocrx_word' id='word_1_23' title='bbox 631 806 771 872; x_wconf 78' lang='lat' dir='ltr'><strong>‘carmen</strong></span> <span class='ocrx_word' id='word_1_24' title='bbox 793 806 1015 872; x_wconf 89' lang='lat' dir='ltr'><strong>mortuorum&#39;.</strong></span> 
     </span>
     <span class='ocr_line' id='line_1_7' title="bbox 187 896 713 980; baseline 0.004 -20"><span class='ocrx_word' id='word_1_25' title='bbox 187 896 220 960; x_wconf 95' lang='lat' dir='ltr'><strong>N</strong></span> <span class='ocrx_word' id='word_1_26' title='bbox 227 919 268 962; x_wconf 90' lang='lat' dir='ltr'><strong>ec</strong></span> <span class='ocrx_word' id='word_1_27' title='bbox 291 897 448 980; x_wconf 86' lang='lat' dir='ltr'><strong>ciccum,</strong></span> <span class='ocrx_word' id='word_1_28' title='bbox 472 897 564 962; x_wconf 88' lang='lat' dir='ltr'><strong>nihil.</strong></span> <span class='ocrx_word' id='word_1_29' title='bbox 709 911 713 918; x_wconf 90' lang='grc'><strong><em>’</em></strong></span> 
     </span>
     <span class='ocr_line' id='line_1_8' title="bbox 188 984 719 1069; baseline 0.002 -21"><span class='ocrx_word' id='word_1_30' title='bbox 188 984 473 1069; x_wconf 83' lang='lat' dir='ltr'><strong>Nullationenr,</strong></span> <span class='ocrx_word' id='word_1_31' title='bbox 497 985 719 1051; x_wconf 87' lang='lat' dir='ltr'><strong>mutationem.</strong></span> 
     </span>
     <span class='ocr_line' id='line_1_9' title="bbox 187 1073 1337 1159; baseline 0.002 -21"><span class='ocrx_word' id='word_1_32' title='bbox 187 1073 218 1138; x_wconf 94' lang='lat' dir='ltr'><strong>N</strong></span> <span class='ocrx_word' id='word_1_33' title='bbox 226 1074 412 1157; x_wconf 89' lang='lat' dir='ltr'><strong>eglcgens</strong></span> <span class='ocrx_word' id='word_1_34' title='bbox 439 1097 516 1139; x_wconf 90' lang='lat' dir='ltr'><strong>usus</strong></span> <span class='ocrx_word' id='word_1_35' title='bbox 545 1074 688 1139; x_wconf 74' lang='lat' dir='ltr'><strong>obtinuit</strong></span> <span class='ocrx_word' id='word_1_36' title='bbox 715 1073 878 1157; x_wconf 85' lang='lat' dir='ltr'><strong>utrimque</strong></span> <span class='ocrx_word' id='word_1_37' title='bbox 900 1096 958 1157; x_wconf 87' lang='lat' dir='ltr'><strong>per</strong></span> <span class='ocrx_word' id='word_1_38' title='bbox 985 1095 1021 1159; x_wconf 88' lang='lat' dir='ltr'><strong>g,</strong></span> <span class='ocrx_word' id='word_1_39' title='bbox 1045 1075 1193 1159; x_wconf 87' lang='lat' dir='ltr'><strong>quamuis</strong></span> <span class='ocrx_word' id='word_1_40' title='bbox 1223 1080 1256 1140; x_wconf 85' lang='lat' dir='ltr'><strong>et</strong></span> <span class='ocrx_word' id='word_1_41' title='bbox 1278 1099 1337 1158; x_wconf 88' lang='lat' dir='ltr'><strong>per</strong></span> 
     </span>
     <span class='ocr_line' id='line_1_10' title="bbox 238 1162 1335 1247; baseline 0.003 -21"><span class='ocrx_word' id='word_1_42' title='bbox 238 1163 305 1226; x_wconf 90' lang='lat' dir='ltr'><strong>ein</strong></span> <span class='ocrx_word' id='word_1_43' title='bbox 320 1163 495 1247; x_wconf 85' lang='lat' dir='ltr'><strong>aliquantis</strong></span> <span class='ocrx_word' id='word_1_44' title='bbox 509 1164 649 1247; x_wconf 88' lang='lat' dir='ltr'><strong>legatur,</strong></span> <span class='ocrx_word' id='word_1_45' title='bbox 673 1162 749 1246; x_wconf 91' lang='lat' dir='ltr'><strong>quia</strong></span> <span class='ocrx_word' id='word_1_46' title='bbox 771 1167 873 1246; x_wconf 88' lang='lat' dir='ltr'><strong>cetg</strong></span> <span class='ocrx_word' id='word_1_47' title='bbox 892 1186 990 1228; x_wconf 89' lang='lat' dir='ltr'><strong>unum</strong></span> <span class='ocrx_word' id='word_1_48' title='bbox 1013 1185 1114 1246; x_wconf 90' lang='lat' dir='ltr'><strong>paene</strong></span> <span class='ocrx_word' id='word_1_49' title='bbox 1139 1167 1224 1228; x_wconf 87' lang='lat' dir='ltr'><strong>sunt.</strong></span> <span class='ocrx_word' id='word_1_50' title='bbox 1260 1187 1335 1229; x_wconf 89' lang='lat' dir='ltr'><strong>nam</strong></span> 
     </span>
     <span class='ocr_line' id='line_1_11' title="bbox 150 1250 1335 1336; baseline 0.007 -27"><span class='ocrx_word' id='word_1_51' title='bbox 150 1273 175 1309; x_wconf 90' lang='lat'><strong>10</strong></span> <span class='ocrx_word' id='word_1_52' title='bbox 234 1250 347 1331; x_wconf 84' lang='lat' dir='ltr'><strong>Gaius,</strong></span> <span class='ocrx_word' id='word_1_53' title='bbox 380 1273 452 1315; x_wconf 89' lang='lat' dir='ltr'><strong>cum</strong></span> <span class='ocrx_word' id='word_1_54' title='bbox 484 1272 506 1335; x_wconf 89' lang='lat' dir='ltr'><strong>g</strong></span> <span class='ocrx_word' id='word_1_55' title='bbox 535 1252 606 1316; x_wconf 91' lang='lat' dir='ltr'><strong>sola</strong></span> <span class='ocrx_word' id='word_1_56' title='bbox 639 1252 695 1335; x_wconf 86' lang='lat' dir='ltr'><strong>sit,</strong></span> <span class='ocrx_word' id='word_1_57' title='bbox 728 1252 911 1316; x_wconf 89' lang='lat' dir='ltr'><strong>inuenimus</strong></span> <span class='ocrx_word' id='word_1_58' title='bbox 943 1273 1000 1334; x_wconf 92' lang='lat' dir='ltr'><strong>per</strong></span> <span class='ocrx_word' id='word_1_59' title='bbox 1028 1272 1050 1335; x_wconf 89' lang='lat' dir='ltr'><strong>g</strong></span> <span class='ocrx_word' id='word_1_60' title='bbox 1078 1256 1111 1316; x_wconf 85' lang='lat' dir='ltr'><strong>et</strong></span> <span class='ocrx_word' id='word_1_61' title='bbox 1139 1274 1164 1315; x_wconf 95' lang='lat' dir='ltr'><strong>c·</strong></span> <span class='ocrx_word' id='word_1_62' title='bbox 1182 1252 1335 1336; x_wconf 87' lang='lat' dir='ltr'><strong>positum.</strong></span> 
     </span>
     <span class='ocr_line' id='line_1_12' title="bbox 234 1339 1336 1425; baseline 0.003 -22"><span class='ocrx_word' id='word_1_63' title='bbox 234 1361 310 1423; x_wconf 88' lang='lat' dir='ltr'><strong>ergo</strong></span> <span class='ocrx_word' id='word_1_64' title='bbox 335 1339 397 1404; x_wconf 90' lang='lat' dir='ltr'><strong>hoc</strong></span> <span class='ocrx_word' id='word_1_65' title='bbox 419 1341 628 1425; x_wconf 87' lang='lat' dir='ltr'><strong>participium</strong></span> <span class='ocrx_word' id='word_1_66' title='bbox 655 1340 709 1405; x_wconf 94' lang='lat' dir='ltr'><strong>uel</strong></span> <span class='ocrx_word' id='word_1_67' title='bbox 733 1362 852 1404; x_wconf 89' lang='lat' dir='ltr'><strong>nomen</strong></span> <span class='ocrx_word' id='word_1_68' title='bbox 880 1363 919 1405; x_wconf 88' lang='lat' dir='ltr'><strong>ex</strong></span> <span class='ocrx_word' id='word_1_69' title='bbox 942 1340 1066 1405; x_wconf 92' lang='lat' dir='ltr'><strong>duobus</strong></span> <span class='ocrx_word' id='word_1_70' title='bbox 1090 1341 1228 1425; x_wconf 81' lang='lat' dir='ltr'><strong>integris</strong></span> <span class='ocrx_word' id='word_1_71' title='bbox 1252 1363 1336 1406; x_wconf 89' lang='lat' dir='ltr'><strong>com-</strong></span> 
     </span>
     <span class='ocr_line' id='line_1_13' title="bbox 231 1428 1335 1514; baseline 0.003 -22"><span class='ocrx_word' id='word_1_72' title='bbox 231 1429 376 1512; x_wconf 89' lang='lat' dir='ltr'><strong>positum</strong></span> <span class='ocrx_word' id='word_1_73' title='bbox 390 1433 449 1512; x_wconf 88' lang='lat' dir='ltr'><strong>est,</strong></span> <span class='ocrx_word' id='word_1_74' title='bbox 473 1429 697 1494; x_wconf 87' lang='lat' dir='ltr'><strong>coniunctione</strong></span> <span class='ocrx_word' id='word_1_75' title='bbox 717 1428 913 1494; x_wconf 86' lang='lat' dir='ltr'><strong>disiunctiua</strong></span> <span class='ocrx_word' id='word_1_76' title='bbox 936 1433 968 1493; x_wconf 92' lang='lat' dir='ltr'><strong>et</strong></span> <span class='ocrx_word' id='word_1_77' title='bbox 992 1428 1127 1513; x_wconf 75' lang='lat' dir='ltr'><strong>‘legens&#39;</strong></span> <span class='ocrx_word' id='word_1_78' title='bbox 1151 1430 1335 1514; x_wconf 89' lang='lat' dir='ltr'><strong>participio.</strong></span> 
     </span>
     <span class='ocr_line' id='line_1_14' title="bbox 231 1516 1336 1603; baseline 0.002 -22"><span class='ocrx_word' id='word_1_79' title='bbox 231 1517 346 1601; x_wconf 90' lang='lat' dir='ltr'><strong>quodsi</strong></span> <span class='ocrx_word' id='word_1_80' title='bbox 366 1518 484 1603; x_wconf 88' lang='lat' dir='ltr'><strong>gradus</strong></span> <span class='ocrx_word' id='word_1_81' title='bbox 505 1518 633 1602; x_wconf 89' lang='lat' dir='ltr'><strong>habeat,</strong></span> <span class='ocrx_word' id='word_1_82' title='bbox 657 1519 718 1583; x_wconf 89' lang='lat' dir='ltr'><strong>erit</strong></span> <span class='ocrx_word' id='word_1_83' title='bbox 740 1538 868 1601; x_wconf 86' lang='lat' dir='ltr'><strong>nomen,</strong></span> <span class='ocrx_word' id='word_1_84' title='bbox 890 1522 927 1582; x_wconf 91' lang='lat' dir='ltr'><strong>ut</strong></span> <span class='ocrx_word' id='word_1_85' title='bbox 951 1516 1139 1603; x_wconf 80' lang='lat' dir='ltr'><strong>‘neglegens</strong></span> <span class='ocrx_word' id='word_1_86' title='bbox 1161 1518 1336 1603; x_wconf 89' lang='lat' dir='ltr'><strong>neglegen-</strong></span> 
     </span>
     <span class='ocr_line' id='line_1_15' title="bbox 232 1604 1335 1691; baseline 0.003 -21"><span class='ocrx_word' id='word_1_87' title='bbox 232 1606 296 1670; x_wconf 85' lang='lat' dir='ltr'><strong>tior</strong></span> <span class='ocrx_word' id='word_1_88' title='bbox 331 1604 662 1691; x_wconf 87' lang='lat' dir='ltr'><strong>neglegentissimus&#39;,</strong></span> <span class='ocrx_word' id='word_1_89' title='bbox 698 1606 907 1689; x_wconf 83' lang='lat' dir='ltr'><strong>participium</strong></span> <span class='ocrx_word' id='word_1_90' title='bbox 940 1606 1128 1690; x_wconf 79' lang='lat' dir='ltr'><strong>‘neglegens</strong></span> <span class='ocrx_word' id='word_1_91' title='bbox 1166 1607 1335 1690; x_wconf 88' lang='lat' dir='ltr'><strong>neglectus</strong></span> 
     </span>
     <span class='ocr_line' id='line_1_16' title="bbox 150 1693 559 1778; baseline 0.007 -25"><span class='ocrx_word' id='word_1_92' title='bbox 150 1715 175 1755; x_wconf 88' lang='lat'><strong>15</strong></span> <span class='ocrx_word' id='word_1_93' title='bbox 233 1693 475 1778; x_wconf 87' lang='lat' dir='ltr'><strong>neglegendus&#39;.</strong></span> <span class='ocrx_word' id='word_1_94' title='bbox 556 1749 559 1756; x_wconf 80' lang='grc'>,</span> 
     </span>
     <span class='ocr_line' id='line_1_17' title="bbox 186 1781 1334 1868; baseline 0 -20"><span class='ocrx_word' id='word_1_95' title='bbox 186 1781 317 1848; x_wconf 91' lang='lat' dir='ltr'><strong>Nudus</strong></span> <span class='ocrx_word' id='word_1_96' title='bbox 345 1785 434 1849; x_wconf 91' lang='lat' dir='ltr'><strong>illius</strong></span> <span class='ocrx_word' id='word_1_97' title='bbox 462 1783 510 1846; x_wconf 89' lang='lat' dir='ltr'><strong>rei</strong></span> <span class='ocrx_word' id='word_1_98' title='bbox 538 1787 572 1846; x_wconf 89' lang='lat' dir='ltr'><strong>et</strong></span> <span class='ocrx_word' id='word_1_99' title='bbox 599 1781 659 1846; x_wconf 92' lang='lat' dir='ltr'><strong>illa</strong></span> <span class='ocrx_word' id='word_1_100' title='bbox 686 1803 720 1845; x_wconf 90' lang='lat' dir='ltr'><strong>re</strong></span> <span class='ocrx_word' id='word_1_101' title='bbox 752 1781 834 1845; x_wconf 92' lang='lat' dir='ltr'><strong>bene</strong></span> <span class='ocrx_word' id='word_1_102' title='bbox 862 1781 1008 1846; x_wconf 86' lang='lat' dir='ltr'><strong>dicimus.</strong></span> <span class='ocrx_word' id='word_1_103' title='bbox 1051 1782 1106 1846; x_wconf 92' lang='lat' dir='ltr'><strong>sed</strong></span> <span class='ocrx_word' id='word_1_104' title='bbox 1133 1783 1334 1868; x_wconf 87' lang='lat' dir='ltr'><strong>frequentius</strong></span> 
     </span>
     <span class='ocr_line' id='line_1_18' title="bbox 232 1871 1327 1955; baseline 0 -20"><span class='ocrx_word' id='word_1_105' title='bbox 232 1872 379 1955; x_wconf 89' lang='lat' dir='ltr'><strong>genitiuo</strong></span> <span class='ocrx_word' id='word_1_106' title='bbox 403 1871 534 1936; x_wconf 85' lang='lat' dir='ltr'><strong>utimur.</strong></span> <span class='ocrx_word' id='word_1_107' title='bbox 1319 1899 1327 1914; x_wconf 92' lang='lat'><strong>·</strong></span> 
     </span>
     <span class='ocr_line' id='line_1_19' title="bbox 186 1957 1335 2045; baseline -0.001 -20"><span class='ocrx_word' id='word_1_108' title='bbox 186 1959 357 2042; x_wconf 86' lang='lat' dir='ltr'><strong>Nuptiae</strong></span> <span class='ocrx_word' id='word_1_109' title='bbox 386 1964 582 2045; x_wconf 82' lang='lat' dir='ltr'><strong>quamquam</strong></span> <span class='ocrx_word' id='word_1_110' title='bbox 610 1959 649 2022; x_wconf 93' lang='lat' dir='ltr'><strong>ab</strong></span> <span class='ocrx_word' id='word_1_111' title='bbox 679 1957 872 2022; x_wconf 86' lang='lat' dir='ltr'><strong>obnubendo</strong></span> <span class='ocrx_word' id='word_1_112' title='bbox 902 1958 1021 2041; x_wconf 85' lang='lat' dir='ltr'><strong>puellis</strong></span> <span class='ocrx_word' id='word_1_113' title='bbox 1045 1960 1154 2042; x_wconf 91' lang='lat' dir='ltr'><strong>capita</strong></span> <span class='ocrx_word' id='word_1_114' title='bbox 1176 1960 1335 2045; x_wconf 88' lang='lat' dir='ltr'><strong>dicuntur,</strong></span> 
     </span>
     <span class='ocr_line' id='line_1_20' title="bbox 234 2047 1334 2133; baseline 0.002 -21"><span class='ocrx_word' id='word_1_115' title='bbox 234 2053 267 2112; x_wconf 90' lang='lat' dir='ltr'><strong>et</strong></span> <span class='ocrx_word' id='word_1_116' title='bbox 289 2050 407 2133; x_wconf 87' lang='lat' dir='ltr'><strong>nubes,</strong></span> <span class='ocrx_word' id='word_1_117' title='bbox 431 2048 514 2112; x_wconf 92' lang='lat' dir='ltr'><strong>unde</strong></span> <span class='ocrx_word' id='word_1_118' title='bbox 537 2050 679 2112; x_wconf 87' lang='lat' dir='ltr'><strong>tractum</strong></span> <span class='ocrx_word' id='word_1_119' title='bbox 702 2050 765 2130; x_wconf 88' lang='lat' dir='ltr'><strong>est,</strong></span> <span class='ocrx_word' id='word_1_120' title='bbox 788 2068 846 2129; x_wconf 90' lang='lat' dir='ltr'><strong>per</strong></span> <span class='ocrx_word' id='word_1_121' title='bbox 869 2047 890 2110; x_wconf 97' lang='lat' dir='ltr'><strong>b</strong></span> <span class='ocrx_word' id='word_1_122' title='bbox 916 2047 1103 2133; x_wconf 88' lang='lat' dir='ltr'><strong>scribimus,</strong></span> <span class='ocrx_word' id='word_1_123' title='bbox 1126 2052 1236 2114; x_wconf 88' lang='lat' dir='ltr'><strong>tamen</strong></span> <span class='ocrx_word' id='word_1_124' title='bbox 1259 2049 1334 2114; x_wconf 83' lang='lat' dir='ltr'><strong>scri-</strong></span> 
     </span>
     <span class='ocr_line' id='line_1_21' title="bbox 148 2135 1148 2222; baseline 0.006 -26"><span class='ocrx_word' id='word_1_125' title='bbox 148 2159 174 2197; x_wconf 77' lang='grc'><strong>11</strong></span> <span class='ocrx_word' id='word_1_126' title='bbox 232 2138 353 2202; x_wconf 87' lang='lat' dir='ltr'><strong>buntur</strong></span> <span class='ocrx_word' id='word_1_127' title='bbox 375 2160 432 2221; x_wconf 92' lang='lat' dir='ltr'><strong>per</strong></span> <span class='ocrx_word' id='word_1_128' title='bbox 455 2160 486 2221; x_wconf 86' lang='lat' dir='ltr'><strong>p,</strong></span> <span class='ocrx_word' id='word_1_129' title='bbox 510 2137 586 2222; x_wconf 90' lang='lat' dir='ltr'><strong>quia</strong></span> <span class='ocrx_word' id='word_1_130' title='bbox 607 2158 629 2219; x_wconf 93' lang='lat' dir='ltr'><strong>p</strong></span> <span class='ocrx_word' id='word_1_131' title='bbox 653 2136 765 2200; x_wconf 90' lang='lat' dir='ltr'><strong>littera</strong></span> <span class='ocrx_word' id='word_1_132' title='bbox 788 2135 900 2200; x_wconf 88' lang='lat' dir='ltr'><strong>mitior</strong></span> <span class='ocrx_word' id='word_1_133' title='bbox 923 2141 973 2201; x_wconf 87' lang='lat' dir='ltr'><strong>est</strong></span> <span class='ocrx_word' id='word_1_134' title='bbox 996 2160 1094 2222; x_wconf 89' lang='lat' dir='ltr'><strong>quam</strong></span> <span class='ocrx_word' id='word_1_135' title='bbox 1117 2138 1148 2201; x_wconf 91' lang='lat' dir='ltr'><strong>b.</strong></span> 
     </span>
     <span class='ocr_line' id='line_1_22' title="bbox 185 2223 1334 2310; baseline 0.001 -20"><span class='ocrx_word' id='word_1_136' title='bbox 185 2225 216 2290; x_wconf 95' lang='lat' dir='ltr'><strong>N</strong></span> <span class='ocrx_word' id='word_1_137' title='bbox 222 2225 335 2290; x_wconf 91' lang='lat' dir='ltr'><strong>udius</strong></span> <span class='ocrx_word' id='word_1_138' title='bbox 358 2226 504 2291; x_wconf 85' lang='lat' dir='ltr'><strong>tertius</strong></span> <span class='ocrx_word' id='word_1_139' title='bbox 529 2247 601 2290; x_wconf 89' lang='lat' dir='ltr'><strong>cum</strong></span> <span class='ocrx_word' id='word_1_140' title='bbox 624 2223 794 2288; x_wconf 89' lang='lat' dir='ltr'><strong>idicimus.</strong></span> <span class='ocrx_word' id='word_1_141' title='bbox 824 2228 856 2289; x_wconf 87' lang='lat' dir='ltr'><strong>e&#39;t</strong></span> <span class='ocrx_word' id='word_1_142' title='bbox 880 2229 930 2289; x_wconf 91' lang='lat' dir='ltr'><strong>est</strong></span> <span class='ocrx_word' id='word_1_143' title='bbox 953 2227 1142 2291; x_wconf 89' lang='lat' dir='ltr'><strong>aduerbium</strong></span> <span class='ocrx_word' id='word_1_144' title='bbox 1165 2226 1334 2310; x_wconf 88' lang='lat' dir='ltr'><strong>temporis.</strong></span> 
     </span>
     <span class='ocr_line' id='line_1_23' title="bbox 183 2311 1289 2399; baseline -0.002 -19"><span class='ocrx_word' id='word_1_145' title='bbox 183 2313 216 2380; x_wconf 94' lang='lat' dir='ltr'><strong>N</strong></span> <span class='ocrx_word' id='word_1_146' title='bbox 222 2337 412 2399; x_wconf 89' lang='lat' dir='ltr'><strong>eunqnam</strong></span> <span class='ocrx_word' id='word_1_147' title='bbox 436 2317 468 2378; x_wconf 90' lang='lat' dir='ltr'><strong>et</strong></span> <span class='ocrx_word' id='word_1_148' title='bbox 492 2313 579 2378; x_wconf 73' lang='lat' dir='ltr'><strong>‘non&#39;</strong></span> <span class='ocrx_word' id='word_1_149' title='bbox 595 2313 767 2397; x_wconf 85' lang='lat' dir='ltr'><strong>siguificat</strong></span> <span class='ocrx_word' id='word_1_150' title='bbox 791 2317 824 2377; x_wconf 88' lang='lat' dir='ltr'><strong>ct</strong></span> <span class='ocrx_word' id='word_1_151' title='bbox 847 2311 925 2378; x_wconf 73' lang='lat' dir='ltr'><strong>‘non</strong></span> <span class='ocrx_word' id='word_1_152' title='bbox 947 2314 1007 2378; x_wconf 90' lang='lat' dir='ltr'><strong>ita&#39;</strong></span> <span class='ocrx_word' id='word_1_153' title='bbox 1032 2319 1064 2380; x_wconf 90' lang='lat' dir='ltr'><strong>et</strong></span> <span class='ocrx_word' id='word_1_154' title='bbox 1088 2315 1165 2379; x_wconf 78' lang='lat' dir='ltr'><strong>‘non</strong></span> <span class='ocrx_word' id='word_1_155' title='bbox 1188 2314 1289 2378; x_wconf 87' lang='lat' dir='ltr'><strong>adeo&#39;.</strong></span> 
     </span>
    </p>
   </div>
   <div class='ocr_carea' id='block_1_3' title="bbox 185 2402 1425 2488">
    <p class='ocr_par' dir='ltr' id='par_1_3' title="bbox 185 2402 1425 2488">
     <span class='ocr_line' id='line_1_24' title="bbox 185 2402 1425 2488; baseline -0.001 -21"><span class='ocrx_word' id='word_1_156' title='bbox 185 2402 337 2468; x_wconf 90' lang='lat' dir='ltr'><strong>Nothus</strong></span> <span class='ocrx_word' id='word_1_157' title='bbox 369 2403 500 2487; x_wconf 86' lang='lat' dir='ltr'><strong>dicitur,</strong></span> <span class='ocrx_word' id='word_1_158' title='bbox 533 2403 588 2488; x_wconf 93' lang='lat' dir='ltr'><strong>qui</strong></span> <span class='ocrx_word' id='word_1_159' title='bbox 628 2403 667 2466; x_wconf 90' lang='lat' dir='ltr'><strong>dc</strong></span> <span class='ocrx_word' id='word_1_160' title='bbox 708 2405 801 2485; x_wconf 88' lang='lat' dir='ltr'><strong>patre</strong></span> <span class='ocrx_word' id='word_1_161' title='bbox 837 2402 942 2466; x_wconf 91' lang='lat' dir='ltr'><strong>nobili</strong></span> <span class='ocrx_word' id='word_1_162' title='bbox 980 2407 1013 2467; x_wconf 89' lang='lat' dir='ltr'><strong>et</strong></span> <span class='ocrx_word' id='word_1_163' title='bbox 1050 2408 1153 2468; x_wconf 88' lang='lat' dir='ltr'><strong>matre</strong></span> <span class='ocrx_word' id='word_1_164' title='bbox 1189 2403 1330 2488; x_wconf 90' lang='lat' dir='ltr'><strong>ignobili</strong></span> <span class='ocrx_word' id='word_1_165' title='bbox 1418 2443 1425 2455; x_wconf 85' lang='lat'><strong>·</strong></span> 
     </span>
    </p>
   </div>
   <div class='ocr_carea' id='block_1_4' title="bbox 59 2490 1333 2752">
    <p class='ocr_par' dir='ltr' id='par_1_4' title="bbox 59 2490 1333 2752">
     <span class='ocr_line' id='line_1_25' title="bbox 229 2490 1333 2577; baseline 0 -23"><span class='ocrx_word' id='word_1_166' title='bbox 229 2491 387 2577; x_wconf 85' lang='lat' dir='ltr'><strong>gignitur,</strong></span> <span class='ocrx_word' id='word_1_167' title='bbox 412 2492 464 2557; x_wconf 92' lang='lat' dir='ltr'><strong>cui</strong></span> <span class='ocrx_word' id='word_1_168' title='bbox 486 2491 665 2557; x_wconf 89' lang='lat' dir='ltr'><strong>contrarius</strong></span> <span class='ocrx_word' id='word_1_169' title='bbox 689 2495 739 2555; x_wconf 86' lang='lat' dir='ltr'><strong>est</strong></span> <span class='ocrx_word' id='word_1_170' title='bbox 763 2490 931 2576; x_wconf 87' lang='lat' dir='ltr'><strong>spurius,</strong></span> <span class='ocrx_word' id='word_1_171' title='bbox 955 2492 1010 2575; x_wconf 91' lang='lat' dir='ltr'><strong>qui</strong></span> <span class='ocrx_word' id='word_1_172' title='bbox 1038 2493 1076 2557; x_wconf 90' lang='lat' dir='ltr'><strong>de</strong></span> <span class='ocrx_word' id='word_1_173' title='bbox 1100 2495 1203 2557; x_wconf 87' lang='lat' dir='ltr'><strong>matre</strong></span> <span class='ocrx_word' id='word_1_174' title='bbox 1227 2491 1333 2555; x_wconf 89' lang='lat' dir='ltr'><strong>nobili</strong></span> 
     </span>
     <span class='ocr_line' id='line_1_26' title="bbox 59 2581 745 2666; baseline 0.006 -27"><span class='ocrx_word' id='word_1_175' title='bbox 59 2591 73 2612; x_wconf 69' lang='lat'>‘</span> <span class='ocrx_word' id='word_1_176' title='bbox 145 2601 171 2640; x_wconf 79' lang='lat'><strong>25</strong></span> <span class='ocrx_word' id='word_1_177' title='bbox 229 2585 262 2645; x_wconf 85' lang='lat' dir='ltr'><strong>ct</strong></span> <span class='ocrx_word' id='word_1_178' title='bbox 284 2587 377 2664; x_wconf 89' lang='lat' dir='ltr'><strong>patre</strong></span> <span class='ocrx_word' id='word_1_179' title='bbox 401 2581 540 2665; x_wconf 88' lang='lat' dir='ltr'><strong>ignobili</strong></span> <span class='ocrx_word' id='word_1_180' title='bbox 554 2583 745 2666; x_wconf 82' lang='lat' dir='ltr'><strong>generatur.</strong></span> 
     </span>
     <span class='ocr_line' id='line_1_27' title="bbox 184 2667 1029 2752; baseline 0.001 -20"><span class='ocrx_word' id='word_1_181' title='bbox 184 2667 324 2733; x_wconf 89' lang='lat' dir='ltr'><strong>Nihilo</strong></span> <span class='ocrx_word' id='word_1_182' title='bbox 348 2671 483 2752; x_wconf 77' lang='lat' dir='ltr'><strong>setius,</strong></span> <span class='ocrx_word' id='word_1_183' title='bbox 506 2669 609 2734; x_wconf 91' lang='lat' dir='ltr'><strong>nihilo</strong></span> <span class='ocrx_word' id='word_1_184' title='bbox 633 2669 740 2732; x_wconf 90' lang='lat' dir='ltr'><strong>minus</strong></span> <span class='ocrx_word' id='word_1_185' title='bbox 760 2668 813 2731; x_wconf 90' lang='lat' dir='ltr'><strong>uel</strong></span> <span class='ocrx_word' id='word_1_186' title='bbox 835 2691 902 2732; x_wconf 91' lang='lat' dir='ltr'><strong>non</strong></span> <span class='ocrx_word' id='word_1_187' title='bbox 925 2669 1029 2734; x_wconf 84' lang='lat' dir='ltr'><strong>aliter.</strong></span> 
     </span>
    </p>
   </div>
   <div class='ocr_carea' id='block_1_5' title="bbox 126 2981 1335 3551">
    <p class='ocr_par' dir='ltr' id='par_1_5' title="bbox 126 2981 1335 3551">
     <span class='ocr_line' id='line_1_28' title="bbox 256 2981 1335 3112; baseline 0.003 -75"><span class='ocrx_word' id='word_1_188' title='bbox 256 2989 272 3037; x_wconf 84' lang='lat'><strong>5</strong></span> <span class='ocrx_word' id='word_1_189' title='bbox 296 2983 415 3038; x_wconf 90' lang='lat' dir='ltr'><strong>Neniam</strong></span> <span class='ocrx_word' id='word_1_190' title='bbox 442 2984 525 3038; x_wconf 88' lang='lat' dir='ltr'><strong>finem</strong></span> <span class='ocrx_word' id='word_1_191' title='bbox 549 2983 586 3037; x_wconf 80' lang='lat' dir='ltr'><strong>G:</strong></span> <span class='ocrx_word' id='word_1_192' title='bbox 614 2982 818 3038; x_wconf 86' lang='lat' dir='ltr'><strong>Nemenifincm</strong></span> <span class='ocrx_word' id='word_1_193' title='bbox 839 2981 871 3050; x_wconf 80' lang='lat' dir='ltr'><strong>O,</strong></span> <span class='ocrx_word' id='word_1_194' title='bbox 900 2982 1029 3037; x_wconf 90' lang='lat' dir='ltr'><strong>Nemeim</strong></span> <span class='ocrx_word' id='word_1_195' title='bbox 1056 2983 1139 3038; x_wconf 90' lang='lat' dir='ltr'><strong>finem</strong></span> <span class='ocrx_word' id='word_1_196' title='bbox 1163 2985 1195 3038; x_wconf 90' lang='lat' dir='ltr'><em>H</em></span> <span class='ocrx_word' id='word_1_197' title='bbox 1209 2985 1269 3041; x_wconf 84' lang='lat' dir='ltr'><strong>Vct.</strong></span> <span class='ocrx_word' id='word_1_198' title='bbox 1290 2987 1335 3112; x_wconf 41' lang='lat' dir='ltr'><strong>lg</strong></span> 
     </span>
     <span class='ocr_line' id='line_1_29' title="bbox 184 3053 1291 3125; baseline 0.002 -17"><span class='ocrx_word' id='word_1_199' title='bbox 184 3057 325 3109; x_wconf 86' lang='lat' dir='ltr'><strong>mortuum</strong></span> <span class='ocrx_word' id='word_1_200' title='bbox 346 3056 374 3108; x_wconf 74' lang='lat'><strong>1²</strong></span> <span class='ocrx_word' id='word_1_201' title='bbox 462 3054 603 3109; x_wconf 79' lang='lat' dir='ltr'><strong>tciccum</strong></span> <span class='ocrx_word' id='word_1_202' title='bbox 622 3073 652 3109; x_wconf 84' lang='lat' dir='ltr'><strong>a:</strong></span> <span class='ocrx_word' id='word_1_203' title='bbox 672 3054 792 3108; x_wconf 90' lang='lat' dir='ltr'><strong>criccum</strong></span> <span class='ocrx_word' id='word_1_204' title='bbox 811 3072 835 3120; x_wconf 86' lang='lat' dir='ltr'><strong>o,</strong></span> <span class='ocrx_word' id='word_1_205' title='bbox 855 3053 968 3108; x_wconf 81' lang='lat' dir='ltr'><strong>uicerim</strong></span> <span class='ocrx_word' id='word_1_206' title='bbox 989 3054 1017 3106; x_wconf 94' lang='lat' dir='ltr'><em>P</em></span> <span class='ocrx_word' id='word_1_207' title='bbox 1102 3056 1291 3125; x_wconf 89' lang='lat' dir='ltr'><strong>8Negligens</strong></span> 
     </span>
     <span class='ocr_line' id='line_1_30' title="bbox 126 3121 1331 3194; baseline 0.002 -14"><span class='ocrx_word' id='word_1_208' title='bbox 126 3121 131 3128; x_wconf 85' lang='grc'><strong>’</strong></span> <span class='ocrx_word' id='word_1_209' title='bbox 187 3133 219 3180; x_wconf 91' lang='grc'><strong>10</strong></span> <span class='ocrx_word' id='word_1_210' title='bbox 238 3125 277 3180; x_wconf 88' lang='lat' dir='ltr'><strong>sic</strong></span> <span class='ocrx_word' id='word_1_211' title='bbox 296 3127 334 3193; x_wconf 89' lang='lat' dir='ltr'><strong>H,</strong></span> <span class='ocrx_word' id='word_1_212' title='bbox 355 3126 392 3180; x_wconf 88' lang='lat' dir='ltr'><strong>sit</strong></span> <span class='ocrx_word' id='word_1_213' title='bbox 410 3147 431 3180; x_wconf 85' lang='grc' dir='ltr'><strong><em>ω</em></strong></span> <span class='ocrx_word' id='word_1_214' title='bbox 448 3129 452 3194; x_wconf 87' lang='grc' dir='ltr'>Ι</span> <span class='ocrx_word' id='word_1_215' title='bbox 468 3125 590 3194; x_wconf 90' lang='lat' dir='ltr'><strong>positum</strong></span> <span class='ocrx_word' id='word_1_216' title='bbox 609 3127 647 3180; x_wconf 82' lang='lat' dir='ltr'><strong>G:</strong></span> <span class='ocrx_word' id='word_1_217' title='bbox 666 3125 786 3194; x_wconf 84' lang='lat' dir='ltr'><strong>positam</strong></span> <span class='ocrx_word' id='word_1_218' title='bbox 807 3125 835 3177; x_wconf 94' lang='lat' dir='ltr'><strong><em>P</em></strong></span> <span class='ocrx_word' id='word_1_219' title='bbox 912 3132 942 3178; x_wconf 89' lang='lat'><strong>13</strong></span> <span class='ocrx_word' id='word_1_220' title='bbox 963 3125 1108 3194; x_wconf 85' lang='lat' dir='ltr'><strong>negligens</strong></span> <span class='ocrx_word' id='word_1_221' title='bbox 1127 3127 1162 3179; x_wconf 89' lang='lat' dir='ltr'><em>H</em></span> <span class='ocrx_word' id='word_1_222' title='bbox 1233 3133 1264 3180; x_wconf 89' lang='lat'><strong>18</strong></span> <span class='ocrx_word' id='word_1_223' title='bbox 1283 3130 1331 3182; x_wconf 86' lang='lat' dir='ltr'><strong>ob-</strong></span> 
     </span>
     <span class='ocr_line' id='line_1_31' title="bbox 185 3196 1332 3266; baseline 0.003 -17"><span class='ocrx_word' id='word_1_224' title='bbox 185 3197 315 3251; x_wconf 87' lang='lat' dir='ltr'><strong>nubendo</strong></span> <span class='ocrx_word' id='word_1_225' title='bbox 330 3215 366 3266; x_wconf 85' lang='lat' dir='ltr'><strong>p:</strong></span> <span class='ocrx_word' id='word_1_226' title='bbox 386 3197 515 3252; x_wconf 88' lang='lat' dir='ltr'><strong>nubendo</strong></span> <span class='ocrx_word' id='word_1_227' title='bbox 536 3197 582 3265; x_wconf 75' lang='lat' dir='ltr'><strong>Pl</strong></span> <span class='ocrx_word' id='word_1_228' title='bbox 599 3197 699 3266; x_wconf 88' lang='lat' dir='ltr'><strong>puellis</strong></span> <span class='ocrx_word' id='word_1_229' title='bbox 714 3214 749 3266; x_wconf 83' lang='lat' dir='ltr'><strong>p:</strong></span> <span class='ocrx_word' id='word_1_230' title='bbox 768 3196 862 3266; x_wconf 89' lang='lat' dir='ltr'><strong>puelle</strong></span> <span class='ocrx_word' id='word_1_231' title='bbox 883 3196 932 3250; x_wconf 81' lang='grc'><strong>011</strong></span> <span class='ocrx_word' id='word_1_232' title='bbox 948 3200 951 3264; x_wconf 93' lang='grc' dir='ltr'>Ι</span> <span class='ocrx_word' id='word_1_233' title='bbox 967 3196 1098 3250; x_wconf 90' lang='lat' dir='ltr'><strong>dicuntur</strong></span> <span class='ocrx_word' id='word_1_234' title='bbox 1118 3197 1184 3252; x_wconf 72' lang='lat'><strong>011:</strong></span> <span class='ocrx_word' id='word_1_235' title='bbox 1203 3197 1332 3254; x_wconf 89' lang='lat' dir='ltr'><strong>dicantur</strong></span> 
     </span>
     <span class='ocr_line' id='line_1_32' title="bbox 184 3267 1334 3336; baseline 0.002 -15"><span class='ocrx_word' id='word_1_236' title='bbox 184 3268 239 3322; x_wconf 77' lang='lat' dir='ltr'><strong>Re</strong></span> <span class='ocrx_word' id='word_1_237' title='bbox 312 3275 343 3322; x_wconf 83' lang='grc'><strong>19</strong></span> <span class='ocrx_word' id='word_1_238' title='bbox 364 3271 393 3322; x_wconf 91' lang='lat' dir='ltr'><strong>et</strong></span> <span class='ocrx_word' id='word_1_239' title='bbox 411 3267 498 3323; x_wconf 68' lang='lat' dir='ltr'><strong>n‘ubes</strong></span> <span class='ocrx_word' id='word_1_240' title='bbox 518 3268 555 3322; x_wconf 81' lang='lat' dir='ltr'><strong>G:</strong></span> <span class='ocrx_word' id='word_1_241' title='bbox 580 3269 719 3322; x_wconf 87' lang='lat' dir='ltr'><strong>connubes</strong></span> <span class='ocrx_word' id='word_1_242' title='bbox 740 3267 785 3336; x_wconf 80' lang='grc' dir='ltr'><strong>ΡΙ</strong></span> <span class='ocrx_word' id='word_1_243' title='bbox 802 3267 947 3322; x_wconf 77' lang='lat' dir='ltr'><strong>scribimus</strong></span> <span class='ocrx_word' id='word_1_244' title='bbox 959 3284 995 3335; x_wconf 84' lang='lat' dir='ltr'><strong>p:</strong></span> <span class='ocrx_word' id='word_1_245' title='bbox 1021 3268 1172 3323; x_wconf 87' lang='lat' dir='ltr'><strong>scribamus</strong></span> <span class='ocrx_word' id='word_1_246' title='bbox 1190 3287 1215 3336; x_wconf 85' lang='lat' dir='ltr'><strong>c,</strong></span> <span class='ocrx_word' id='word_1_247' title='bbox 1234 3287 1284 3324; x_wconf 83' lang='lat' dir='ltr'><strong>om</strong></span> <span class='ocrx_word' id='word_1_248' title='bbox 1306 3271 1334 3323; x_wconf 94' lang='lat' dir='ltr'><strong><em>P</em></strong></span> 
     </span>
     <span class='ocr_line' id='line_1_33' title="bbox 187 3339 1332 3410; baseline 0 -16"><span class='ocrx_word' id='word_1_249' title='bbox 187 3339 305 3408; x_wconf 83' lang='lat' dir='ltr'><strong>ltamen</strong></span> <span class='ocrx_word' id='word_1_250' title='bbox 324 3357 374 3394; x_wconf 85' lang='lat' dir='ltr'><strong>usu</strong></span> <span class='ocrx_word' id='word_1_251' title='bbox 392 3357 442 3409; x_wconf 89' lang='lat' dir='ltr'><strong>per</strong></span> <span class='ocrx_word' id='word_1_252' title='bbox 460 3339 478 3394; x_wconf 93' lang='lat' dir='ltr'><strong>b</strong></span> <span class='ocrx_word' id='word_1_253' title='bbox 498 3339 656 3394; x_wconf 90' lang='lat' dir='ltr'><strong>scribuntur</strong></span> <span class='ocrx_word' id='word_1_254' title='bbox 676 3339 702 3393; x_wconf 82' lang='lat' dir='ltr'><em>G</em></span> <span class='ocrx_word' id='word_1_255' title='bbox 791 3345 825 3392; x_wconf 90' lang='grc'><strong>22</strong></span> <span class='ocrx_word' id='word_1_256' title='bbox 845 3339 1022 3409; x_wconf 88' lang='lat' dir='ltr'><strong>Nequiquam</strong></span> <span class='ocrx_word' id='word_1_257' title='bbox 1042 3341 1068 3393; x_wconf 76' lang='lat' dir='ltr'><strong><em>G</em></strong></span> <span class='ocrx_word' id='word_1_258' title='bbox 1154 3346 1187 3394; x_wconf 87' lang='grc'><strong>23</strong></span> <span class='ocrx_word' id='word_1_259' title='bbox 1206 3340 1332 3410; x_wconf 86' lang='lat' dir='ltr'><strong>gignitur</strong></span> 
     </span>
     <span class='ocr_line' id='line_1_34' title="bbox 184 3410 1331 3481; baseline 0.003 -17"><span class='ocrx_word' id='word_1_260' title='bbox 184 3411 213 3464; x_wconf 88' lang='lat' dir='ltr'><strong>et</strong></span> <span class='ocrx_word' id='word_1_261' title='bbox 231 3413 319 3464; x_wconf 86' lang='lat' dir='ltr'><strong>matre</strong></span> <span class='ocrx_word' id='word_1_262' title='bbox 338 3410 456 3478; x_wconf 87' lang='lat' dir='ltr'><strong>ignobili</strong></span> <span class='ocrx_word' id='word_1_263' title='bbox 475 3411 502 3464; x_wconf 85' lang='lat' dir='ltr'><em>R</em></span> <span class='ocrx_word' id='word_1_264' title='bbox 574 3416 608 3464; x_wconf 84' lang='grc'><strong>25</strong></span> <span class='ocrx_word' id='word_1_265' title='bbox 625 3413 669 3465; x_wconf 87' lang='lat' dir='ltr'><strong>est</strong></span> <span class='ocrx_word' id='word_1_266' title='bbox 693 3415 841 3480; x_wconf 84' lang='lat' dir='ltr'><strong>generatus</strong></span> <span class='ocrx_word' id='word_1_267' title='bbox 861 3410 887 3464; x_wconf 78' lang='lat' dir='ltr'><strong>G.</strong></span> <span class='ocrx_word' id='word_1_268' title='bbox 954 3417 988 3465; x_wconf 88' lang='grc'><strong>26</strong></span> <span class='ocrx_word' id='word_1_269' title='bbox 1008 3411 1053 3466; x_wconf 88' lang='lat' dir='ltr'><strong>cui</strong></span> <span class='ocrx_word' id='word_1_270' title='bbox 1071 3411 1159 3465; x_wconf 90' lang='lat' dir='ltr'><strong>nihilo</strong></span> <span class='ocrx_word' id='word_1_271' title='bbox 1178 3412 1331 3481; x_wconf 73' lang='grc' dir='ltr'><strong>Η111111111</strong></span> 
     </span>
     <span class='ocr_line' id='line_1_35' title="bbox 184 3481 836 3551; baseline 0.003 -17"><span class='ocrx_word' id='word_1_272' title='bbox 184 3481 223 3534; x_wconf 86' lang='lat' dir='ltr'><strong>R:</strong></span> <span class='ocrx_word' id='word_1_273' title='bbox 243 3481 332 3536; x_wconf 91' lang='lat' dir='ltr'><strong>secius</strong></span> <span class='ocrx_word' id='word_1_274' title='bbox 350 3483 389 3548; x_wconf 90' lang='lat' dir='ltr'><strong>H,</strong></span> <span class='ocrx_word' id='word_1_275' title='bbox 409 3485 519 3537; x_wconf 89' lang='lat' dir='ltr'><strong>secutus</strong></span> <span class='ocrx_word' id='word_1_276' title='bbox 537 3499 553 3536; x_wconf 86' lang='lat' dir='ltr'><em>v</em></span> <span class='ocrx_word' id='word_1_277' title='bbox 574 3481 784 3551; x_wconf 86' lang='lat' dir='ltr'><strong>(Niehilofecius</strong></span> <span class='ocrx_word' id='word_1_278' title='bbox 805 3481 836 3549; x_wconf 82' lang='grc'><strong>0)</strong></span> 
     </span>
    </p>
   </div>
   <div class='ocr_carea' id='block_1_6' title="bbox 183 3639 1347 4492">
    <p class='ocr_par' dir='ltr' id='par_1_6' title="bbox 183 3639 1347 4492">
     <span class='ocr_line' id='line_1_36' title="bbox 257 3639 1331 3711; baseline 0 -17"><span class='ocrx_word' id='word_1_279' title='bbox 257 3647 270 3694; x_wconf 93' lang='grc'><strong>1</strong></span> <span class='ocrx_word' id='word_1_280' title='bbox 290 3641 471 3711; x_wconf 76' lang='lat' dir='ltr'><strong>numellatus]</strong></span> <span class='ocrx_word' id='word_1_281' title='bbox 491 3642 565 3697; x_wconf 71' lang='lat' dir='ltr'><strong>Fae.</strong></span> <span class='ocrx_word' id='word_1_282' title='bbox 586 3647 689 3709; x_wconf 78' lang='lat'><strong>173‚18.</strong></span> <span class='ocrx_word' id='word_1_283' title='bbox 725 3641 868 3708; x_wconf 85' lang='lat' dir='ltr'><strong>Numella‚</strong></span> <span class='ocrx_word' id='word_1_284' title='bbox 892 3657 980 3710; x_wconf 90' lang='lat' dir='ltr'><strong>genus</strong></span> <span class='ocrx_word' id='word_1_285' title='bbox 999 3639 1117 3707; x_wconf 90' lang='lat' dir='ltr'><strong>uinculi‚</strong></span> <span class='ocrx_word' id='word_1_286' title='bbox 1137 3658 1191 3708; x_wconf 91' lang='lat' dir='ltr'><strong>quo</strong></span> <span class='ocrx_word' id='word_1_287' title='bbox 1210 3641 1331 3708; x_wconf 87' lang='lat' dir='ltr'><strong>quadru-</strong></span> 
     </span>
     <span class='ocr_line' id='line_1_37' title="bbox 184 3710 1333 3780; baseline 0 -15"><span class='ocrx_word' id='word_1_288' title='bbox 184 3710 269 3780; x_wconf 88' lang='lat' dir='ltr'><strong>pedes</strong></span> <span class='ocrx_word' id='word_1_289' title='bbox 288 3710 455 3780; x_wconf 88' lang='lat' dir='ltr'><strong>deligantur.</strong></span> <span class='ocrx_word' id='word_1_290' title='bbox 485 3712 556 3766; x_wconf 88' lang='lat' dir='ltr'><strong>solet</strong></span> <span class='ocrx_word' id='word_1_291' title='bbox 575 3715 669 3766; x_wconf 85' lang='lat' dir='ltr'><strong>autem</strong></span> <span class='ocrx_word' id='word_1_292' title='bbox 694 3729 727 3766; x_wconf 89' lang='lat' dir='ltr'><strong>ea</strong></span> <span class='ocrx_word' id='word_1_293' title='bbox 745 3711 805 3766; x_wconf 90' lang='lat' dir='ltr'><strong>fieri</strong></span> <span class='ocrx_word' id='word_1_294' title='bbox 824 3728 909 3765; x_wconf 91' lang='lat' dir='ltr'><strong>neruo</strong></span> <span class='ocrx_word' id='word_1_295' title='bbox 928 3713 977 3764; x_wconf 87' lang='lat' dir='ltr'><strong>aut</strong></span> <span class='ocrx_word' id='word_1_296' title='bbox 996 3710 1071 3764; x_wconf 88' lang='lat' dir='ltr'><strong>corio</strong></span> <span class='ocrx_word' id='word_1_297' title='bbox 1090 3713 1176 3765; x_wconf 89' lang='lat' dir='ltr'><strong>crudo</strong></span> <span class='ocrx_word' id='word_1_298' title='bbox 1192 3710 1281 3777; x_wconf 83' lang='lat' dir='ltr'><strong>bouis,</strong></span> <span class='ocrx_word' id='word_1_299' title='bbox 1300 3714 1333 3766; x_wconf 93' lang='lat' dir='ltr'><strong>ut</strong></span> 
     </span>
     <span class='ocr_line' id='line_1_38' title="bbox 184 3780 1347 3851; baseline -0.002 -17"><span class='ocrx_word' id='word_1_300' title='bbox 184 3781 343 3851; x_wconf 88' lang='lat' dir='ltr'><strong>plurimum.</strong></span> <span class='ocrx_word' id='word_1_301' title='bbox 469 3789 484 3834; x_wconf 86' lang='lat'><strong>3</strong></span> <span class='ocrx_word' id='word_1_302' title='bbox 504 3781 657 3851; x_wconf 84' lang='lat' dir='ltr'><strong>nasiterna]</strong></span> <span class='ocrx_word' id='word_1_303' title='bbox 680 3782 777 3837; x_wconf 75' lang='lat' dir='ltr'><strong>Placet.</strong></span> <span class='ocrx_word' id='word_1_304' title='bbox 797 3783 880 3836; x_wconf 75' lang='lat' dir='ltr'><strong>sucu.</strong></span> <span class='ocrx_word' id='word_1_305' title='bbox 905 3786 1001 3850; x_wconf 86' lang='grc'><strong>2,2,28.</strong></span> <span class='ocrx_word' id='word_1_306' title='bbox 1026 3780 1100 3834; x_wconf 73' lang='lat' dir='ltr'><strong>Fut.</strong></span> <span class='ocrx_word' id='word_1_307' title='bbox 1127 3789 1229 3851; x_wconf 70' lang='lat' dir='ltr'><strong>reali.</strong></span> <span class='ocrx_word' id='word_1_308' title='bbox 1256 3781 1347 3836; x_wconf 60' lang='lat' dir='ltr'><strong>Nom,</strong></span> 
     </span>
     <span class='ocr_line' id='line_1_39' title="bbox 185 3851 1331 3923; baseline 0 -16"><span class='ocrx_word' id='word_1_309' title='bbox 185 3858 272 3918; x_wconf 65' lang='lat' dir='ltr'><strong>slep.</strong></span> <span class='ocrx_word' id='word_1_310' title='bbox 345 3858 360 3906; x_wconf 88' lang='lat'>5</span> <span class='ocrx_word' id='word_1_311' title='bbox 380 3852 503 3923; x_wconf 88' lang='lat' dir='ltr'><strong>neniam]</strong></span> <span class='ocrx_word' id='word_1_312' title='bbox 524 3852 598 3908; x_wconf 83' lang='lat' dir='ltr'><strong>Fest.</strong></span> <span class='ocrx_word' id='word_1_313' title='bbox 618 3859 722 3920; x_wconf 78' lang='lat'>161,16.</span> <span class='ocrx_word' id='word_1_314' title='bbox 752 3853 822 3906; x_wconf 83' lang='lat' dir='ltr'><strong>Sunt</strong></span> <span class='ocrx_word' id='word_1_315' title='bbox 836 3853 883 3921; x_wconf 90' lang='lat' dir='ltr'><strong>qui</strong></span> <span class='ocrx_word' id='word_1_316' title='bbox 898 3869 930 3906; x_wconf 90' lang='lat' dir='ltr'><strong>eo</strong></span> <span class='ocrx_word' id='word_1_317' title='bbox 949 3851 1036 3905; x_wconf 84' lang='lat' dir='ltr'><strong>uerbo</strong></span> <span class='ocrx_word' id='word_1_318' title='bbox 1052 3851 1158 3905; x_wconf 82' lang='lat' dir='ltr'><strong>‘finem’</strong></span> <span class='ocrx_word' id='word_1_319' title='bbox 1180 3852 1331 3921; x_wconf 87' lang='lat' dir='ltr'><strong>significari</strong></span> 
     </span>
     <span class='ocr_line' id='line_1_40' title="bbox 184 3923 1330 3991; baseline 0.001 -14"><span class='ocrx_word' id='word_1_320' title='bbox 184 3923 375 3991; x_wconf 83' lang='lat' dir='ltr'><strong>crediderunt,</strong></span> <span class='ocrx_word' id='word_1_321' title='bbox 400 3924 431 3976; x_wconf 85' lang='grc'><strong>111</strong></span> <span class='ocrx_word' id='word_1_322' title='bbox 449 3925 490 3977; x_wconf 88' lang='lat' dir='ltr'><strong>ait</strong></span> <span class='ocrx_word' id='word_1_323' title='bbox 507 3923 623 3977; x_wconf 89' lang='lat' dir='ltr'><strong>Plautus</strong></span> <span class='ocrx_word' id='word_1_324' title='bbox 642 3923 672 3976; x_wconf 91' lang='lat' dir='ltr'><strong>in</strong></span> <span class='ocrx_word' id='word_1_325' title='bbox 690 3923 840 3977; x_wconf 88' lang='lat' dir='ltr'><strong>Pseudolo:</strong></span> <span class='ocrx_word' id='word_1_326' title='bbox 875 3923 935 3976; x_wconf 89' lang='lat' dir='ltr'><strong>‘ubi</strong></span> <span class='ocrx_word' id='word_1_327' title='bbox 954 3939 1006 3990; x_wconf 87' lang='lat' dir='ltr'><strong>ego</strong></span> <span class='ocrx_word' id='word_1_328' title='bbox 1026 3923 1233 3991; x_wconf 85' lang='lat' dir='ltr'><strong>circumuortor,</strong></span> <span class='ocrx_word' id='word_1_329' title='bbox 1253 3924 1330 3978; x_wconf 88' lang='lat' dir='ltr'><strong>cado.</strong></span> 
     </span>
     <span class='ocr_line' id='line_1_41' title="bbox 183 3993 1332 4062; baseline 0 -14"><span class='ocrx_word' id='word_1_330' title='bbox 183 3994 213 4048; x_wconf 88' lang='lat' dir='ltr'><strong>id</strong></span> <span class='ocrx_word' id='word_1_331' title='bbox 232 3995 286 4048; x_wconf 85' lang='lat' dir='ltr'><strong>luit</strong></span> <span class='ocrx_word' id='word_1_332' title='bbox 303 3993 404 4048; x_wconf 88' lang='lat' dir='ltr'><strong>naenia</strong></span> <span class='ocrx_word' id='word_1_333' title='bbox 422 3995 509 4050; x_wconf 90' lang='lat' dir='ltr'><strong>ludo’.</strong></span> <span class='ocrx_word' id='word_1_334' title='bbox 541 3995 575 4060; x_wconf 85' lang='lat' dir='ltr'><strong>cf.</strong></span> <span class='ocrx_word' id='word_1_335' title='bbox 595 3993 669 4048; x_wconf 80' lang='lat' dir='ltr'><strong>Suet.</strong></span> <span class='ocrx_word' id='word_1_336' title='bbox 689 3995 716 4047; x_wconf 83' lang='lat' dir='ltr'><strong>d.</strong></span> <span class='ocrx_word' id='word_1_337' title='bbox 730 3999 801 4062; x_wconf 83' lang='lat' dir='ltr'><strong>poet.</strong></span> <span class='ocrx_word' id='word_1_338' title='bbox 823 3999 891 4061; x_wconf 72' lang='lat' dir='ltr'><strong>lar.</strong></span> <span class='ocrx_word' id='word_1_339' title='bbox 915 3995 954 4048; x_wconf 86' lang='lat' dir='ltr'><strong>ed.</strong></span> <span class='ocrx_word' id='word_1_340' title='bbox 979 3993 1135 4061; x_wconf 76' lang='lat' dir='ltr'><strong>Reiffereeh.</strong></span> <span class='ocrx_word' id='word_1_341' title='bbox 1240 4002 1255 4047; x_wconf 87' lang='grc'><strong>6</strong></span> <span class='ocrx_word' id='word_1_342' title='bbox 1280 4012 1332 4049; x_wconf 90' lang='lat' dir='ltr'><strong>nec</strong></span> 
     </span>
     <span class='ocr_line' id='line_1_42' title="bbox 184 4063 1330 4135; baseline -0.001 -16"><span class='ocrx_word' id='word_1_343' title='bbox 184 4065 302 4135; x_wconf 85' lang='lat' dir='ltr'><strong>ciccum]</strong></span> <span class='ocrx_word' id='word_1_344' title='bbox 318 4067 353 4132; x_wconf 81' lang='lat' dir='ltr'><strong>ef.</strong></span> <span class='ocrx_word' id='word_1_345' title='bbox 370 4064 466 4118; x_wconf 84' lang='lat' dir='ltr'><strong>Pluut.</strong></span> <span class='ocrx_word' id='word_1_346' title='bbox 485 4065 560 4118; x_wconf 80' lang='lat' dir='ltr'><strong>Eud.</strong></span> <span class='ocrx_word' id='word_1_347' title='bbox 575 4071 671 4133; x_wconf 82' lang='grc'><strong>2,1,22.</strong></span> <span class='ocrx_word' id='word_1_348' title='bbox 691 4065 795 4118; x_wconf 75' lang='lat' dir='ltr'><strong>Amce.</strong></span> <span class='ocrx_word' id='word_1_349' title='bbox 811 4066 901 4132; x_wconf 79' lang='lat' dir='ltr'><strong>praef.</strong></span> <span class='ocrx_word' id='word_1_350' title='bbox 917 4066 995 4134; x_wconf 76' lang='lat' dir='ltr'><strong>idyll.</strong></span> <span class='ocrx_word' id='word_1_351' title='bbox 1012 4071 1052 4120; x_wconf 89' lang='lat'><strong>13.</strong></span> <span class='ocrx_word' id='word_1_352' title='bbox 1082 4065 1181 4134; x_wconf 88' lang='lat' dir='ltr'><strong>Neque</strong></span> <span class='ocrx_word' id='word_1_353' title='bbox 1200 4063 1330 4119; x_wconf 88' lang='lat' dir='ltr'><strong>Afranius</strong></span> 
     </span>
     <span class='ocr_line' id='line_1_43' title="bbox 184 4135 1330 4205; baseline -0.001 -15"><span class='ocrx_word' id='word_1_354' title='bbox 184 4137 265 4191; x_wconf 91' lang='lat' dir='ltr'><strong>nauci</strong></span> <span class='ocrx_word' id='word_1_355' title='bbox 289 4137 369 4190; x_wconf 85' lang='lat' dir='ltr'><strong>daret</strong></span> <span class='ocrx_word' id='word_1_356' title='bbox 391 4154 480 4205; x_wconf 91' lang='lat' dir='ltr'><strong>nequo</strong></span> <span class='ocrx_word' id='word_1_357' title='bbox 504 4135 609 4190; x_wconf 86' lang='lat' dir='ltr'><strong>ciccum</strong></span> <span class='ocrx_word' id='word_1_358' title='bbox 633 4153 713 4198; x_wconf 84' lang='lat' dir='ltr'><strong>suurn</strong></span> <span class='ocrx_word' id='word_1_359' title='bbox 737 4135 853 4190; x_wconf 88' lang='lat' dir='ltr'><strong>Plautus</strong></span> <span class='ocrx_word' id='word_1_360' title='bbox 877 4136 994 4190; x_wconf 83' lang='lat' dir='ltr'><strong>offerret.</strong></span> <span class='ocrx_word' id='word_1_361' title='bbox 1122 4143 1155 4190; x_wconf 87' lang='grc'><strong>16</strong></span> <span class='ocrx_word' id='word_1_362' title='bbox 1174 4135 1277 4205; x_wconf 89' lang='lat' dir='ltr'><strong>nudus]</strong></span> <span class='ocrx_word' id='word_1_363' title='bbox 1297 4162 1330 4182; x_wconf 95' lang='lat'>=</span> 
     </span>
     <span class='ocr_line' id='line_1_44' title="bbox 184 4207 1284 4276; baseline 0.002 -17"><span class='ocrx_word' id='word_1_364' title='bbox 184 4209 254 4263; x_wconf 77' lang='lat' dir='ltr'><strong>leid.</strong></span> <span class='ocrx_word' id='word_1_365' title='bbox 279 4209 315 4262; x_wconf 89' lang='lat' dir='ltr'><strong>D.</strong></span> <span class='ocrx_word' id='word_1_366' title='bbox 342 4207 371 4261; x_wconf 89' lang='lat' dir='ltr'><strong>V.</strong></span> <span class='ocrx_word' id='word_1_367' title='bbox 392 4213 453 4261; x_wconf 83' lang='lat'><strong>385.</strong></span> <span class='ocrx_word' id='word_1_368' title='bbox 578 4213 610 4260; x_wconf 89' lang='grc'><strong>21</strong></span> <span class='ocrx_word' id='word_1_369' title='bbox 632 4207 732 4261; x_wconf 88' lang='lat' dir='ltr'><strong>nudius</strong></span> <span class='ocrx_word' id='word_1_370' title='bbox 756 4207 866 4276; x_wconf 82' lang='lat' dir='ltr'><strong>tertius]</strong></span> <span class='ocrx_word' id='word_1_371' title='bbox 888 4208 983 4261; x_wconf 75' lang='lat' dir='ltr'><strong>Peuce.</strong></span> <span class='ocrx_word' id='word_1_372' title='bbox 1009 4208 1092 4261; x_wconf 80' lang='lat' dir='ltr'><strong>Most.</strong></span> <span class='ocrx_word' id='word_1_373' title='bbox 1116 4213 1212 4276; x_wconf 82' lang='lat'>4,2,40.</span> <span class='ocrx_word' id='word_1_374' title='bbox 1239 4212 1284 4261; x_wconf 84' lang='lat' dir='ltr'><strong>etc.</strong></span> 
     </span>
     <span class='ocr_line' id='line_1_45' title="bbox 184 4278 1328 4350; baseline 0.001 -19"><span class='ocrx_word' id='word_1_375' title='bbox 184 4285 217 4331; x_wconf 90' lang='grc'><strong>22</strong></span> <span class='ocrx_word' id='word_1_376' title='bbox 246 4279 415 4350; x_wconf 89' lang='lat' dir='ltr'><strong>neunquam]</strong></span> <span class='ocrx_word' id='word_1_377' title='bbox 446 4279 477 4332; x_wconf 87' lang='lat' dir='ltr'><em>F</em></span> <span class='ocrx_word' id='word_1_378' title='bbox 501 4283 546 4332; x_wconf 86' lang='lat' dir='ltr'><strong>cst.</strong></span> <span class='ocrx_word' id='word_1_379' title='bbox 576 4284 680 4346; x_wconf 66' lang='lat' dir='ltr'><strong>lauro,</strong></span> <span class='ocrx_word' id='word_1_380' title='bbox 706 4279 872 4348; x_wconf 88' lang='lat' dir='ltr'><strong>Neunqnam</strong></span> <span class='ocrx_word' id='word_1_381' title='bbox 901 4279 1014 4348; x_wconf 86' lang='lat' dir='ltr'><strong>ponitur</strong></span> <span class='ocrx_word' id='word_1_382' title='bbox 1040 4296 1090 4347; x_wconf 90' lang='lat' dir='ltr'><strong>pro</strong></span> <span class='ocrx_word' id='word_1_383' title='bbox 1121 4278 1210 4332; x_wconf 84' lang='lat' dir='ltr'><strong>‘nulla</strong></span> <span class='ocrx_word' id='word_1_384' title='bbox 1237 4279 1328 4332; x_wconf 89' lang='lat' dir='ltr'><strong>tenus&#39;</strong></span> 
     </span>
     <span class='ocr_line' id='line_1_46' title="bbox 184 4349 1329 4420; baseline 0.003 -18"><span class='ocrx_word' id='word_1_385' title='bbox 184 4352 213 4401; x_wconf 89' lang='lat' dir='ltr'><strong>et</strong></span> <span class='ocrx_word' id='word_1_386' title='bbox 231 4369 280 4419; x_wconf 91' lang='lat' dir='ltr'><strong>pro</strong></span> <span class='ocrx_word' id='word_1_387' title='bbox 300 4351 368 4403; x_wconf 84' lang='lat' dir='ltr'><strong>‘non</strong></span> <span class='ocrx_word' id='word_1_388' title='bbox 386 4351 447 4406; x_wconf 85' lang='lat' dir='ltr'><strong>ita&#39;.</strong></span> <span class='ocrx_word' id='word_1_389' title='bbox 556 4355 590 4402; x_wconf 90' lang='grc'><strong>23</strong></span> <span class='ocrx_word' id='word_1_390' title='bbox 610 4351 723 4420; x_wconf 87' lang='lat' dir='ltr'><strong>nothus]</strong></span> <span class='ocrx_word' id='word_1_391' title='bbox 744 4349 817 4403; x_wconf 85' lang='lat' dir='ltr'><strong>Fest.</strong></span> <span class='ocrx_word' id='word_1_392' title='bbox 835 4355 936 4414; x_wconf 68' lang='grc'><strong>17414.</strong></span> <span class='ocrx_word' id='word_1_393' title='bbox 957 4351 1027 4402; x_wconf 82' lang='lat' dir='ltr'><strong>Istd.</strong></span> <span class='ocrx_word' id='word_1_394' title='bbox 1048 4355 1142 4416; x_wconf 83' lang='grc'><strong>9,5,23.</strong></span> <span class='ocrx_word' id='word_1_395' title='bbox 1163 4349 1240 4403; x_wconf 79' lang='lat' dir='ltr'><strong>Seru.</strong></span> <span class='ocrx_word' id='word_1_396' title='bbox 1261 4349 1329 4405; x_wconf 78' lang='lat' dir='ltr'><strong>Aea.</strong></span> 
     </span>
     <span class='ocr_line' id='line_1_47' title="bbox 185 4420 1205 4492; baseline -0.001 -18"><span class='ocrx_word' id='word_1_397' title='bbox 185 4425 270 4489; x_wconf 77' lang='lat' dir='ltr'><strong>⁷,28u</strong></span> <span class='ocrx_word' id='word_1_398' title='bbox 363 4429 398 4476; x_wconf 83' lang='grc'><strong>26</strong></span> <span class='ocrx_word' id='word_1_399' title='bbox 417 4421 506 4476; x_wconf 90' lang='lat' dir='ltr'><strong>nihilo</strong></span> <span class='ocrx_word' id='word_1_400' title='bbox 525 4421 622 4492; x_wconf 88' lang='lat' dir='ltr'><strong>setius]</strong></span> <span class='ocrx_word' id='word_1_401' title='bbox 643 4423 737 4476; x_wconf 73' lang='lat' dir='ltr'><strong>Placet.</strong></span> <span class='ocrx_word' id='word_1_402' title='bbox 758 4422 835 4477; x_wconf 79' lang='lat' dir='ltr'><strong>Mea.</strong></span> <span class='ocrx_word' id='word_1_403' title='bbox 854 4426 948 4491; x_wconf 74' lang='lat' dir='ltr'><strong>o‚7,57.</strong></span> <span class='ocrx_word' id='word_1_404' title='bbox 968 4422 1002 4487; x_wconf 75' lang='lat' dir='ltr'><strong>cf.</strong></span> <span class='ocrx_word' id='word_1_405' title='bbox 1022 4420 1090 4475; x_wconf 79' lang='lat' dir='ltr'><strong>Geu.</strong></span> <span class='ocrx_word' id='word_1_406' title='bbox 1111 4427 1205 4490; x_wconf 81' lang='lat'><strong>18,9‚4.</strong></span> 
     </span>
    </p>
   </div>
   <div class='ocr_carea' id='block_1_7' title="bbox 0 0 1608 5090">
    <p class='ocr_par' dir='ltr' id='par_1_7' title="bbox 0 0 1608 5090">
     <span class='ocr_line' id='line_1_48' title="bbox 0 0 1608 5090; baseline 0 1"><span class='ocrx_word' id='word_1_407' title='bbox 0 0 1608 5090; x_wconf 95' lang='lat' dir='ltr'><strong> </strong></span> 
     </span>
    </p>
   </div>
  </div>
 </body>
</html>
