3208 5090
674 274 895 337 ,37-

206 430 452 496 Examussim
476 456 539 497 uno
564 456 596 497 m
621 434 654 496 in
678 433 964 515 antepaenultima.

205 521 393 605 Expudet
416 525 466 586 est
490 523 582 606 quasi
606 523 701 587 ualde
724 521 833 605 pudet.

205 609 309 674 Eous
333 614 383 674 est
405 610 503 676 homo
518 611 556 675 de
571 611 705 676 oriente.
738 632 803 674 eos
827 633 944 676 aurora
968 612 1019 675 uel
1043 611 1172 696 lucifer,
1194 612 1357 678 interdum

251 703 284 763 et
306 722 365 782 pro
390 699 459 764 sole
482 701 628 784 ponitur,
652 703 689 764 ut
712 700 797 782 apud
819 703 944 782 poet-as.

180 787 339 872 sEquus
363 789 398 852 in
420 788 524 853 tutela
547 788 693 872 Neptuni
716 787 896 853 inuentoris
921 789 972 853 sui
995 793 1053 854 cst.

205 876 418 960 Euphonia
440 877 530 942 uocis
555 899 654 942 sonus
679 877 796 941 suauis.

204 965 468 1049 Emispheria,
491 966 626 1031 dimidia
649 966 815 1050 sphaerae.

204 1054 330 1120 Enixa
353 1055 432 1118 duas
455 1077 507 1118 res
532 1055 709 1138 significat:
738 1058 771 1118 et
799 1059 915 1120 conata
939 1056 979 1120 ad
1004 1055 1208 1120 efficiendum
1232 1057 1355 1141 aliquid

250 1146 282 1207 et
312 1165 393 1228 quae
420 1148 518 1227 partu
551 1145 691 1208 liberata
724 1148 773 1207 est
805 1144 931 1208 mulier.
976 1145 1038 1208 niti
1072 1145 1158 1208 enim
1190 1144 1243 1208 uel
1276 1145 1356 1210 eniti

166 1255 191 1292 ιο
251 1231 386 1298 ‘conari'
410 1232 464 1297 uel
488 1231 639 1296 ‘efficere'
664 1236 722 1297 est.

204 1321 480 1406 Ergasterium
509 1342 643 1405 graecus
675 1343 780 1386 sermo
814 1325 877 1406 est,¹
921 1321 953 1386 id
987 1326 1036 1388 est
1068 1321 1265 1406 operarium,
1298 1323 1354 1388 ubi

248 1432 329 1494 opus
353 1411 399 1494 fit,
423 1410 476 1475 uel
499 1411 644 1494 taberna,
667 1409 723 1474 ubi
748 1410 883 1474 alicuius
898 1412 1006 1494 operis
1022 1411 1176 1476 exercitia
1190 1416 1354 1494 geruntur.

203 1499 462 1584 Examussim,
498 1499 639 1584 integre,
667 1499 735 1563 sine
766 1499 887 1564 fraude.
933 1500 1102 1565 amussis
1127 1499 1213 1564 enim
1236 1500 1356 1567 dicitur

247 1588 364 1671 regula
387 1589 440 1653 uel
463 1610 615 1654 mensura
637 1587 775 1652 fabrilis.

165 1701 190 1740 15
205 1676 260 1742 Ex
284 1699 337 1760 re,
361 1699 399 1741 ex
423 1699 534 1760 causa,
557 1700 595 1742 ex
618 1677 759 1759 ratione,
783 1697 865 1760 quae
889 1677 1006 1760 agitur.

202 1765 360 1848 Exerte,
383 1765 518 1849 prolate.
556 1787 712 1830 exerere
735 1765 821 1830 enim
843 1765 988 1848 proferre
1012 1770 1063 1831 est
1085 1766 1137 1830 uel
1160 1767 1318 1849 expedire.

202 1854 414 1938 Ergastula
436 1854 586 1918 dicuntur
614 1877 633 1918 a
660 1874 791 1937 graeco,
818 1853 875 1918 ubi
898 1854 1091 1937 deputantur
1117 1854 1208 1918 noxii
1231 1855 1272 1920 ad
1295 1855 1353 1919 ali-

249 1943 333 2026 quod
357 1965 436 2026 opus
466 1942 664 2025 faciendum,
693 1945 730 2006 ut
758 1943 864 2007 solent
887 1943 1085 2027 gladiatores
1110 1947 1142 2007 et
1172 1943 1240 2027 qui,
1272 1948 1353 2027 puta

248 2031 373 2114 exules,
408 2053 572 2097 marmora
611 2035 722 2096 secant
754 2036 787 2096 et
818 2034 928 2096 tamen
960 2032 1164 2097 uinculorum
1196 2033 1352 2098 custodiis

163 2147 188 2186 20
248 2121 378 2204 alligati
402 2123 485 2185 sunt.
1294 2112 1296 2140 '

201 2210 229 2276 E
236 2209 394 2294 pitheta
427 2213 515 2293 sunt,
553 2231 633 2293 quae
669 2210 855 2274 nominibus
893 2215 1110 2294 apponuntur.
1156 2213 1207 2276 est
1243 2214 1352 2276 autem

246 2319 411 2382 graecum,
442 2302 479 2362 ut
515 2302 595 2382 puta
632 2297 785 2382 ‘magnus
813 2298 923 2363 homo'
958 2299 1083 2365 ‘doctus
1112 2299 1350 2384 philosophus’.

201 2385 426 2470 Eulogium.
464 2387 595 2471 eulogia
622 2387 732 2452 laudes
762 2387 883 2453 electae
907 2390 1158 2472 summatimque
1188 2389 1352 2472 collectae,

200 2569 413 2576 ——-———-

274 2694 287 2741 1
308 2687 484 2742 Examussim
502 2687 530 2742 R
546 2689 549 2755 Ι
567 2690 632 2743 ante
651 2687 836 2757 penultimam
855 2689 883 2741 R
968 2693 984 2740 2
1004 2689 1048 2741 est
1065 2686 1135 2742 HR:
1155 2704 1189 2741 ex
1209 2687 1250 2755 Ol
1266 2688 1349 2742 ualde

201 2759 247 2812 H:
267 2775 316 2814 om.
338 2758 388 2812 GR
460 2764 476 2811 3
496 2775 542 2812 eos
562 2759 605 2812 H:
626 2757 677 2819 aa
695 2759 731 2826 R,
751 2775 784 2810 ex
804 2759 830 2812 G
902 2763 917 2811 5
938 2757 980 2812 sui
998 2758 1041 2811 R:
1061 2758 1120 2812 eius
1139 2759 1173 2811 H
1241 2759 1351 2814 121111-

201 2828 301 2898 pheria
317 2829 358 2894 R,
376 2827 510 2882 Emiseria
523 2829 557 2881 Η
570 2831 574 2896 1
590 2828 708 2882 dimidia
722 2828 858 2898 sphaerae
873 2845 934 2882 nos:
954 2828 1084 2882 dimidias
1102 2828 1159 2882 lere
1174 2829 1212 2894 H,
1232 2828 1350 2884 dimidia

202 2900 322 2968 sphaera
339 2899 366 2952 R
480 2904 495 2952 9
514 2898 635 2953 liberata
654 2899 692 2952 G:
712 2899 842 2953 laborata
862 2900 889 2952 P
996 2905 1028 2951 12
1048 2899 1081 2952 fit
1098 2899 1174 2952 Rho:
1194 2898 1232 2953 sit
1249 2900 1296 2952 Hc

202 2977 235 3024 13
256 2969 354 3024 massis
374 2968 480 3037 (musis)
500 2971 565 3023 libri
581 2971 584 3034 l
601 2969 720 3024 dicimus
742 2970 869 3040 regulam
888 2968 935 3023 uel
954 2986 1109 3023 mensuram
1128 2968 1256 3022 fabrilem
1276 2969 1301 3023 G

155 3107 158 3110 Ι
202 3042 276 3095 1513
300 3057 329 3094 re
353 3041 379 3095 G
395 3042 399 3108 Ι
416 3056 499 3094 causa
517 3041 555 3094 G:
575 3057 641 3094 casu
662 3042 689 3093 P
779 3047 811 3094 16
831 3043 859 3094 et
877 3040 1008 3110 expedire
1028 3039 1052 3094 O
1127 3045 1158 3094 17
1179 3040 1350 3109 deputantur

200 3113 270 3168 Irid.
282 3114 344 3166 l.c.:
361 3111 541 3166 dominantur
551 3111 589 3180 H,
604 3112 809 3166 damnanturR
864 3119 896 3166 21
908 3112 1128 3180 opponunturH
1177 3117 1211 3165 22
1228 3127 1347 3180 magnus

202 3186 231 3238 et
248 3183 347 3238 doctus
366 3181 493 3253 epitheta
512 3184 576 3238 sunt
595 3185 658 3238 odd.
679 3183 704 3237 G
810 3189 843 3238 23
862 3182 1013 3252 Eulogium
1033 3183 1066 3237 0:
1085 3181 1216 3248 Elegium
1236 3182 1322 3237 ΗΕΘ
1342 3181 1346 3254 l

202 3254 314 3324 eulogia
334 3255 367 3310 0:
386 3254 481 3324 alogia
500 3254 546 3321 H,
565 3253 658 3324 elogia
676 3255 730 3308 BG
745 3255 750 3321 Ι
767 3254 983 3322 summatimque
1002 3253 1119 3308 collecte
1138 3253 1176 3308 G:
1195 3269 1246 3307 om.
1267 3255 1295 3307 P

271 3405 287 3452 ὁ
311 3397 409 3467 equus]
435 3397 470 3463 cf.
494 3396 572 3452 Seru.
597 3397 693 3467 Georp.
719 3402 787 3464 1,12.
916 3395 1131 3466 lemispheria]
1156 3395 1227 3451 Isid.
1251 3401 1348 3465 3‚43,1.

199 3468 444 3538 Hemisphaerium
458 3466 576 3522 dimidia
594 3485 659 3538 pars
678 3469 814 3537 sphaerae
829 3471 878 3522 est.
905 3467 963 3523 OP.
978 3484 1009 3536 p.
1031 3473 1090 3522 195.
1113 3466 1347 3536 Emisphaerium‚

200 3539 319 3594 dimidia
337 3540 464 3608 sphaera.
536 3545 553 3594 8
573 3540 666 3610 enixa]
685 3540 760 3594 Noa.
779 3544 866 3605 57,13.
886 3544 991 3604 29710.
1025 3538 1131 3593 Charis.
1152 3539 1164 3592 I
1183 3543 1289 3605 375,10.
1309 3539 1346 3594 K.

236 3616 268 3664 11
288 3609 483 3680 ergasterium]
504 3611 575 3665 Ista.
592 3616 687 3680 15,o‚1.
761 3616 794 3664 13
810 3609 988 3679 examussim]
1007 3610 1101 3664 Plout.
1116 3609 1216 3677 Amph.
1232 3615 1346 3676 2,2,213.

200 3687 247 3736 etc.
271 3681 347 3736 Fert.
368 3682 450 3737 Paul.
476 3687 563 3748 80,19.
600 3680 783 3749 Examussim‚
802 3680 977 3751 regulariter.
1015 3679 1131 3735 amussis
1149 3678 1224 3733 enim
1250 3680 1348 3748 regula

199 3752 341 3808 fabrorum
369 3755 419 3806 est.
447 3753 522 3821 uel,
550 3755 583 3806 nt
608 3751 657 3806 alii
684 3753 797 3820 uolunt,
825 3752 1037 3816 ferramentum,
1069 3767 1124 3820 quo
1155 3749 1184 3804 in
1214 3749 1346 3820 poliendo

199 3826 324 3879 utuntur.
365 3823 438 3877 Noa.
459 3829 510 3892 9‚3.
552 3823 729 3878 Examussim
757 3823 860 3878 dicitur
888 3822 1045 3876 examinate
1073 3821 1109 3875 ad
1141 3821 1267 3891 regulam
1298 3821 1347 3875 nel

199 3895 436 3966 coagmentatum.
472 3896 515 3948 est
543 3893 618 3948 enim
640 3895 757 3949 amussis
783 3894 881 3963 regula
904 3893 1059 3962 fabrorum,
1083 3909 1166 3962 qnam
1189 3891 1346 3960 architecti,

199 3983 286 4036 quum
305 3982 374 4034 opus
393 3964 521 4034 probant,
540 3965 650 4020 rubrica
663 3965 784 4020 illinunt.
818 3965 924 4019 orara.
940 3965 965 4017 ll
981 3969 1085 4032 marl.
1100 3964 1137 4016 K.
1169 3963 1346 4017 Examussim

198 4036 315 4092 Plautus
343 4034 373 4089 in
400 4035 604 4105 Amphytrione
631 4035 810 4090 ‘examussim
835 4037 879 4090 est
905 4035 1034 4105 ophma’,
1061 4034 1111 4088 ubi
1138 4032 1256 4088 Sisenna
1283 4033 1344 4104 ‘pro

199 4107 369 4163 examinato’
385 4105 485 4175 inquit.
515 4107 632 4160 amussis
647 4110 741 4162 autem
756 4109 799 4161 est
817 4106 916 4161 tabula
932 4105 1081 4171 rubricata,
1101 4121 1173 4174 quae
1191 4103 1346 4159 dimittitur

199 4177 376 4234 examinandi
396 4177 486 4248 operis
505 4177 609 4248 gratia,
628 4180 788 4232 arrectum
807 4195 875 4247 opus
894 4178 999 4248 surgat.
1032 4178 1066 4244 cf.
1085 4175 1211 4230 Amussis
1225 4193 1256 4245 p.
1277 4181 1319 4229 12.

200 4258 232 4306 16
252 4249 357 4320 exerte]
382 4249 455 4302 Isid.
481 4255 568 4318 10,82.
601 4249 718 4304 Exortus
741 4249 771 4302 in
792 4249 932 4318 loquendo
952 4247 1105 4318 expeditus.
1139 4263 1249 4301 exerere
1268 4247 1344 4300 enim

198 4322 320 4392 prolerre
334 4319 381 4374 uel
395 4319 523 4389 expedire
540 4320 589 4374 est.
647 4325 678 4373 17
694 4319 847 4393 ergastula]
863 4321 976 4374 =Isia
993 4324 1088 4388 15,6,2,
1143 4324 1176 4373 23
1188 4317 1342 4392 eulogium]

199 4395 233 4462 cf.
252 4391 371 4462 Eulogia
385 4409 415 4462 p.
435 4397 478 4446 40.
