3208 5090
732 326 948 412 48-

269 489 437 572 Ferrugo
447 496 554 571 'genus
571 486 733 570 quoddam
742 485 914 567 tincturae,
939 482 1056 548 similis
1076 502 1238 564 purpurae
1252 481 1417 565 nigrioris.

268 577 500 643 Foederales
524 576 672 640 dicuntur
686 574 877 656 sacerdodes,
900 594 958 656 per
981 593 1061 656 quos
1075 570 1206 635 foedera
1229 571 1311 636 fiunt
1333 571 1418 634 inber

313 667 393 730 duas
417 669 544 749 genias,
568 686 650 748 quae
674 668 748 748 post
770 663 895 727 bellum
918 661 959 728 ad
982 682 1094 745 paoem
1117 659 1261 724 redeant.

270 755 508 837 Fatisoerel‚
533 754 661 818 abunde
685 752 873 836 aperiretur.

246 844 512 926 ⁵Foraslioas,
532 842 722 908 ‘exteriores

270 933 452 1018 Flagilia
475 931 625 995 dicuntur
646 930 756 1013 turpia
779 933 813 994 el
836 928 966 994 sordida
988 927 1162 992 libidinum
1185 926 1330 1002 summa.

271 1021 569 1087 Festiuissimus
595 1024 645 1084 esi
668 1020 736 1085 dies
755 1018 828 1102 plus
853 1040 949 1102 quam
973 1017 1085 1081 festus.
1122 1016 1240 1082 dicitur
1264 1018 1297 1079 el
1319 1015 1418 1079 homo

316 1109 547 1175 festinissimus
570 1108 604 1173 id
627 1112 678 1172 esi
700 1107 946 1172 urbanissimus,

636 1321 763 1388 Glossoe
778 1342 837 1404 per
860 1319 890 1386 G
914 1321 1056 1409 lituram.

234 1486 260 1522 10
275 1466 415 1531 (lesbio
444 1465 491 1529 sic
518 1463 711 1548 declinatur,
744 1463 903 1548 quomodo
933 1462 1041 1544 audio,
1073 1462 1190 1527 amicio
1219 1460 1421 1525 amiciebam.

319 1560 369 1619 est
393 1555 479 1619 enim
503 1553 609 1637 gestio
633 1554 782 1618 neutrale
806 1553 951 1617 uerbum.

274 1643 441 1708 Glaucus
465 1642 572 1707 c'olor
590 1642 752 1707 interdum
769 1665 829 1726 pro
848 1641 946 1705 uiridi
963 1641 1097 1724 ponitur
1116 1645 1149 1704 eb
1168 1639 1223 1724 qui
1242 1641 1421 1704 admixtum

318 1733 419 1798 habel
446 1731 548 1796 uirori
576 1731 731 1796 alborem.
772 1753 849 1796 nam
876 1729 1037 1813 Virgilius
1064 1728 1126 1792 hoo
1149 1730 1254 1794 sciens
1278 1729 1421 1813 ‘glaucas

320 1820 446 1886 salices'
471 1824 503 1884 el
527 1819 632 1884 ‘ulnas
647 1819 792 1904 glaucas'
816 1820 906 1884 dixis.
930 1819 1008 1882 ilem
1032 1818 1067 1882 in
1090 1819 1181 1901 equis
1205 1823 1263 1884 aul
1285 1818 1422 1883 homini-

236 1928 260 1968 15
319 1912 380 1975 bus
409 1909 530 1994 ‘glauci
558 1908 655 1973 oculi’
688 1931 746 1993 pro
775 1907 935 1992 splendidi
962 1910 1136 1991 ponuntur.
1177 1907 1318 1991 legimus
1346 1928 1422 1971 non·

319 2020 496 2084 numquam
510 2001 543 2062 el
557 1998 656 2062 maris
672 1999 813 2062 colorem
832 1998 985 2082 glaucum
1008 1996 1083 2078 dici,
1108 1997 1163 2062 sed
1185 1999 1271 2081 lune,
1296 1995 1421 2080 quando

320 2087 461 2154 canescit
484 2086 648 2169 fluetibus,
671 2088 754 2151 unde
769 2085 910 2151 Glaucus
934 2087 1011 2150 deus
1035 2085 1134 2150 maris
1158 2086 1266 2150 senior
1288 2085 1424 2169 fingitur

321 2201 340 2241 a
364 2175 483 2241 canitie
506 2175 671 2240 fluctuum.
1312 2217 1314 2222 -

276 2265 436 2331 Gratiae
463 2263 541 2328 deae
565 2269 653 2350 suni,
680 2268 825 2349 grabes,
853 2285 936 2350 quae
964 2269 1113 2349 aguntur.
1154 2263 1210 2328 sed
1237 2268 1349 2328 tamen
1376 2263 1422 2327 in·

238 2373 264 2411 20
321 2355 460 2420 discrete
482 2353 624 2437 ponitur.
789 2411 794 2420 .

277 2443 425 2509 Globus
463 2441 582 2507 dieitur
614 2461 735 2526 'genere
772 2442 950 2506 masculino
987 2442 1125 2526 lunaris,
1166 2446 1203 2506 ut
1248 2441 1422 2526 Virgilius:

323 2533 558 2614 ‘lucentemque
586 2531 721 2615 globum
748 2529 865 2596 lunae'.
903 2531 1037 2616 globum
1066 2534 1175 2595 aulem
1196 2535 1232 2595 el
1255 2532 1424 2616 glombum

323 2626 356 2686 et
379 2621 526 2704 glomere
548 2623 663 2685 neutro
688 2641 805 2704 genere
828 2643 929 2704 pensa
951 2621 1132 2685 mulierum.

279 2709 414 2794 Gibbi,
437 2709 614 2794 gibberosi.

238 2817 265 2856 2⁵
279 2797 589 2884 Gurgustiolum‚
612 2802 741 2863 anirum
764 2802 886 2864 secrete
909 2802 1093 2883 angustum.
1196 2855 1209 2864 ,

280 2889 506 2970 Gnarorum,
531 2887 587 2972 qiu
609 2887 762 2972 peritiam
783 2889 906 2972 primae
930 2888 1080 2960 ueritatis
1103 2887 1279 2952 insinuari.

280 2977 444 3044 Garrire
468 2977 651 3042 animulis
673 2977 774 3044 uerba
798 2982 854 3043 aul
876 2977 1004 3043 'sordide
1028 2977 1127 3061 loqui.

351 3178 368 3226 2
388 3169 587 3225 Foederaleso
609 3170 728 3239 Papias:
747 3171 872 3226 Foedera
892 3171 945 3225 Pm
1017 3177 1033 3224 3
1052 3170 1169 3224 redeant
1189 3169 1227 3224 P:
1246 3169 1409 3224 ueniuan

281 3248 298 3297 4
316 3242 472 3297 Falisoeret
486 3241 545 3295 Ho:
564 3241 705 3296 Fabiscere
721 3243 796 3311 Com,
815 3243 975 3297 Fatesceret
988 3241 1016 3296 R
1088 3246 1103 3294 8
1122 3240 1152 3295 id
1171 3244 1215 3297 est
1232 3257 1294 3296 uos:
1314 3242 1343 3296 et
1361 3241 1427 3295 zius

283 3319 316 3367 14
339 3315 419 3367 ulnas
449 3313 546 3381 Vergil.
570 3315 639 3367 Aea.
660 3318 761 3380 6‚416.:
790 3313 879 3368 oliuas
899 3314 966 3368 libri
1092 3318 1124 3367 17
1148 3314 1178 3366 et
1203 3312 1325 3367 Glaucus
1348 3312 1374 3366 G

282 3390 316 3438 18
335 3384 458 3438 sanitate
479 3382 503 3438 0
578 3389 610 3437 19
629 3383 744 3438 Gratiae
763 3384 832 3438 deae
850 3385 961 3453 compsi:
981 3383 1081 3438 Grabes
1100 3383 1171 3438 duae
1191 3384 1256 3438 bbri
1274 3383 1357 3450 (duae
1376 3400 1426 3438 om.

281 3457 319 3523 R)
336 3458 339 3523 Ι
356 3456 450 3526 grabes
469 3469 531 3508 uos:
559 3454 668 3524 gratiae
687 3456 753 3510 libri
873 3462 906 3509 22
926 3456 955 3508 et
978 3454 1102 3524 glomum
1123 3454 1162 3510 P:
1187 3471 1236 3510 ora.
1256 3455 1289 3510 G.
1308 3456 1372 3521 fort.
1399 3457 1428 3510 et

188 3523 198 3540 ⁸
282 3528 392 3598 glomus
464 3530 499 3578 24
513 3524 656 3594 gibberosi
670 3543 741 3580 amr:
761 3526 902 3597 gibbiores
919 3526 947 3579 P
1021 3531 1056 3581 26
1070 3526 1287 3581 Gnarorumoo:
1303 3527 1427 3582 Guorum

282 3598 349 3667 HR,
368 3596 454 3652 Gnari
474 3594 497 3649 0
516 3596 623 3665 Papias
694 3603 728 3652 27
747 3597 832 3651 auiG
851 3597 936 3652 Iud:
955 3597 1050 3651 aulem
1071 3597 1183 3664 Plani
1202 3598 1227 3652 G
1247 3599 1331 3652 Isid:
1351 3601 1381 3654 et
1400 3598 1428 3651 P

356 3676 369 3723 1
398 3668 523 3739 ferrugo]
552 3669 586 3735 cf.
615 3667 693 3724 Serra
717 3671 786 3723 Aen.
811 3674 896 3738 9,582.
931 3667 1027 3737 Geory.
1053 3674 1138 3736 1‚4oo.
1172 3670 1242 3724 Isid.
1269 3674 1381 3736 19,28,o.

282 3748 298 3795 2
318 3739 484 3810 foederales]
509 3739 587 3794 Seru.
607 3739 675 3794 Aea.
696 3745 764 3808 1,62.
797 3740 905 3794 Foedus
925 3741 1020 3794 aulem
1039 3739 1145 3794 dictum
1163 3741 1210 3795 uel
1228 3757 1245 3794 a
1263 3740 1427 3795 foecialibus

282 3812 312 3866 id
335 3814 379 3866 est
400 3809 593 3865 sacerdotibus
618 3810 678 3881 [qui
702 3811 769 3864 olim
791 3810 915 3866 soedales
940 3812 1032 3881 (immo
1049 3810 1214 3878 foederales)
1240 3811 1427 3882 dicebantur],

282 3899 335 4009 2
348 3898 421 4007 er
527 3881 748 4022 22222
781 3881 986 4009 2222
1006 3883 1426 4023 222222·

285 4031 317 4079 12
338 3997 470 4096 glaucus]
496 4026 530 4090 of.
554 4024 621 4079 Gerr.
647 4018 761 4092 2,26,1’7.
789 4027 822 4080 dc
845 4024 950 4080 Glauco
974 4024 1026 4079 deo
1048 4043 1076 4080 a.
1101 4025 1178 4080 Seru.
1202 4025 1271 4080 Aen.
1296 4029 1383 4094 6‚823.

285 4103 317 4152 19
337 4094 457 4168 medae]
473 4096 568 4164 grates
582 4113 627 4164 op.
644 4095 740 4150 Placet.
757 4095 1109 4164 Poea.1‚1‚5ete.(3boris.
1128 4096 1242 4165 1328,4.
1262 4097 1299 4150 K.
1319 4096 1428 4163 Grates,

284 4185 353 4237 quas
368 4166 479 4237 mmor
494 4167 529 4220 ob
543 4167 652 4235 merita,
672 4165 787 4221 Gratiae
801 4167 877 4222 deae.
950 4171 983 4220 21
1003 4167 1121 4292 globus}
1137 4167 1233 4222 Ploot.
1255 4166 1339 4222 Poeu.
1358 4172 1428 4236 22³⁶·

290 4239 367 4308 Virp.
385 4240 454 4293 Aea.
479 4243 565 4306 6326.
586 4237 677 4292 Prisc.
695 4238 721 4292 V
741 4243 827 4306 uua.
847 4238 884 4292 K.
908 4237 1028 4306 Globus,
1047 4255 1102 4308 quo
1140 4239 1228 4293 eliam
1247 4239 1299 4293 hoc
1318 4239 1427 4308 glomus

279 4309 388 4366 ‘dieitur
406 4309 546 4379 glomeris.
637 4314 670 4363 26
690 4308 908 4380 gurgustiolum]
927 4310 961 4375 cf.
982 4308 1165 4381 Gurgusiium
1184 4327 1228 4378 ap.
1248 4309 1323 4365 Fert.
1344 4310 1427 4366 Paul.

284 4386 354 4507 21232.
462 4384 495 4433 27
516 4379 634 4452 garrire]
654 4405 688 4426 =
708 4381 779 4436 leid.
798 4381 835 4434 D.
860 4379 892 4435 V.
915 4386 975 4436 267.
1008 4380 1427 4452 cfiPlaut.Aul.6,1‚21.eta

316 4465 359 4505 oa.
381 4455 466 4520 nup.
