3208 5090
711 305 930 368 ..56-

248 465 399 529 lnfulae
423 467 711 544 suntornamenta
726 463 869 527 omnium
889 462 1052 526 honorum
1075 447 1108 524 et
1131 461 1338 544 dignitatum,
1361 463 1395 524 et

295 575 451 636 equorum
475 551 628 635 ephippia
651 552 719 616 siue
743 552 836 616 freni.

249 641 463 726 Ingluuies,
487 642 565 724 gula
587 641 639 705 uel
664 641 834 706 uoraoitas.

250 729 619 812 impraesentiarum
643 752 701 812 pro
726 729 772 792 ‘in
795 727 978 812 praesenti'.

225 818 474 883 slnsectandi
499 823 536 882 et
560 817 830 901 compellandi,
854 840 927 881 oum
950 815 1067 880 iniuria
1090 816 1284 899 appellandi.

251 907 405 990 Indiges
435 907 552 970 dieitur
580 907 742 970 interdum
768 905 964 988 hemitheus‚
996 908 1033 968 ut
1062 927 1159 986 supra
1187 905 1308 969 dictum
1337 907 1396 986 est,

296 996 336 1058 ab
345 994 525 1078 'indigendo
540 995 721 1060 diuinitate.
758 995 813 1078 qui
827 1017 899 1058 oum
919 993 1065 1057 homines
1089 994 1224 1076 tuerint,
1247 993 1397 1057 dicuntur

296 1087 405 1148 tamen
415 1083 525 1147 diuini.
548 1083 658 1148 dieunt
673 1084 772 1148 etiam
787 1083 917 1166 quidam
932 1082 1125 1165 indigetes
1141 1082 1217 1146 deos
1232 1082 1396 1147 naturales

297 1175 330 1235 et
353 1173 508 1236 caelestes
533 1173 751 1254 econtrario,
776 1171 860 1255 quod
883 1169 982 1234 nullis
1006 1170 1184 1254 indigeant.

214 1282 239 1320 ιο
252 1261 404 1344 Itidem,
427 1261 544 1324 iterum
568 1265 664 1344 atque
687 1261 814 1325 iterum.
851 1258 1012 1325 interdum
1035 1263 1068 1323 et
1090 1282 1149 1342 pro
1174 1257 1356 1323 ‘similiter’.

253 1350 296 1414 In
324 1353 504 1414 aeternae
533 1349 640 1414 uitae
668 1349 866 1432 crepidine
894 1349 1093 1431 fundatae,
1121 1347 1155 1411 in
1184 1349 1246 1412 fine
1270 1351 1303 1411 et
1326 1370 1397 1430 pro-

297 1438 479 1522 pinquitate
503 1438 590 1502 uitae
614 1442 763 1502 aeternae
787 1436 1026 1502 constabilitus.
1322 1507 1325 1530 1

253 1526 549 1608 Inextrieabile,
581 1526 803 1607 inresolubile‚
837 1525 921 1609 quod
953 1547 1128 1608 numquam
1160 1525 1279 1589 finitur.
1321 1525 1399 1589 facit

299 1615 488 1680 aduerbium
512 1613 815 1680 ‘inextricabiliter'.

215 1724 240 1762 1⁵
254 1703 442 1788 Insignit,
470 1704 597 1786 insigne
625 1704 704 1768 facit
732 1704 785 1768 uel
809 1703 937 1788 signum
961 1702 1113 1785 imponit,
1136 1702 1333 1766 translatum
1357 1702 1397 1765 ab

299 1791 507 1875 animalibus,
531 1815 613 1875 quae
635 1796 714 1856 nota
736 1793 915 1875 signantur.

127 1885 129 1888 ’
192 1962 194 1967 Ι
254 1881 528 1945 immensorum
551 1882 821 1946 thesaurorum
844 1881 927 1944 ratio
942 1879 1070 1964 quidem
1086 1879 1174 1961 faoit,
1198 1879 1400 1962 sedpropter

300 1969 494 2052 euphoniam
517 1968 733 2034 ‘immensum’
757 1969 846 2034 dixit.
1423 1977 1430 1991 ⁸

255 2057 470 2138 Infarsisffi,
493 2058 670 2141 repleuisti.

215 2146 298 2211 solu
322 2146 506 2229 speculis,
529 2147 563 2210 in
587 2147 771 2229 aspectibus
794 2147 847 2210 uel
871 2147 905 2209 in
928 2146 1061 2211 nisibus.

255 2233 434 2318 Inferum,
458 2235 574 2318 reples.

256 2323 505 2406 intirmorum,
528 2325 622 2388 ualde
646 2324 847 2408 contingere,
871 2323 922 2388 uel
946 2323 1097 2406 populari
1121 2327 1217 2407 atque
1240 2327 1378 2386 uastare.

256 2412 457 2493 quentus,
480 2413 673 2496 iuuentaS,
687 2413 858 2477 iuuenta.
880 2412 1035 2477 iuuentus
1050 2413 1202 2476 iuuenum
1217 2412 1401 2476 multitude.

301 2503 450 2565 iuuentas
466 2501 525 2564 dea
539 2501 727 2565 iuuentutis.
754 2502 887 2588 iuuenta
909 2502 981 2584 ipsa
1003 2506 1117 2565 nostra
1136 2505 1226 2575 aetas
1250 2506 1309 2564 est.
1347 2500 1402 2564 sed

218 2608 244 2648 rs
301 2590 407 2654 nostri
430 2589 465 2652 in
487 2589 650 2673 plerisque
674 2589 756 2654 loeis
780 2589 876 2654 aliter
898 2596 1083 2673 posuerunt.

331 2788 343 2834 1
364 2781 456 2835 insule
481 2782 674 2848 Othonorum
698 2782 820 2836 omnium
839 2800 930 2836 rerum
955 2784 983 2836 et
1006 2780 1176 2850 dignitatum
1192 2782 1218 2835 G
1288 2781 1402 2848 afrani,

259 2851 341 2906 aliter
360 2851 469 2921 epithia
486 2853 514 2907 R
585 2852 649 2906 4in
668 2853 808 2922 praesenti
827 2854 866 2907 G:
886 2852 1067 2923 impraesenti
1083 2852 1110 2904 P
1181 2852 1403 2921 5compellandi

259 2923 318 2976 Ha:
338 2923 522 2992 compellendi
540 2923 610 2977 Rmr
682 2931 696 2977 7
716 2924 864 2978 diuinitate
883 2925 923 2978 R:
942 2923 1118 2978 diuinitatem
1139 2943 1160 2976 ω
1178 2929 1182 2990 Ι
1198 2922 1328 2977 dicuntur
1341 2939 1403 2977 rws:

259 2993 430 3062 indiguerint
443 2993 573 3048 dicuntur
588 2993 617 3060 0,
632 2994 803 3064 indiguerint
816 2995 883 3062 HR,
897 2994 1077 3065 indiguerunt
1092 2994 1117 3047 G
1190 2999 1205 3046 8
1221 2993 1323 3047 diuinis
1339 2995 1404 3048 libri

261 3065 265 3136 Ι
281 3064 419 3134 indigetes
431 3065 464 3118 G:
483 3065 641 3134 indigentes
660 3066 746 3120 HllG
832 3073 865 3120 10
883 3064 1023 3120 interdum
1043 3066 1072 3118 et
1090 3081 1140 3133 pro
1160 3064 1289 3119 similiter
1307 3082 1356 3121 om.
1377 3067 1402 3118 G

261 3142 292 3189 11
309 3135 441 3189 fundatus
461 3136 511 3190 Ga:
530 3136 585 3190 fuit
603 3135 686 3189 datus
705 3137 763 3191 HR
837 3144 870 3191 12
889 3134 1083 3192 constabilitus
1102 3135 1152 3190 Go:
1172 3135 1354 3191 constabilitis
1368 3137 1403 3205 n,

259 3206 408 3261 constabili
426 3207 459 3260 H
530 3213 561 3260 13
581 3207 759 3262 irresolubile
779 3208 850 3263 HG:
869 3208 929 3262 iure
948 3206 1066 3261 solubile
1086 3207 1115 3274 0,
1139 3224 1188 3260 orn.
1208 3205 1236 3260 Il
1308 3214 1341 3260 17
1361 3209 1403 3262 ln-

260 3295 401 3331 menseum
422 3277 445 3330 G
548 3284 578 3331 18
598 3278 767 3332 Inmensium
787 3280 814 3332 G·
911 3286 944 3332 19
967 3277 1105 3332 Infarsisti
1131 3278 1164 3331 0:
1189 3277 1323 3332 intorsisti
1342 3277 1427 3348 RG‚'

179 3352 182 3358 '
260 3346 397 3401 lnferoisti
416 3348 450 3400 H
462 3350 466 3414 t
483 3348 627 3415 repleuisti
647 3348 680 3402 G:
699 3349 815 3418 replesti
833 3369 854 3402 ω
937 3355 968 3403 21
989 3347 1145 3402 InfertisG
1225 3356 1258 3403 23
1278 3349 1405 3404 iuuentus

260 3419 299 3472 R:
319 3417 449 3472 iuuentus
468 3419 507 3484 H,
526 3435 575 3471 om.
595 3436 611 3472 o
684 3425 718 3472 24
736 3419 852 3474 iubenta
870 3420 924 3474 dea
937 3452 970 3459 -
985 3419 1115 3474 iubentes
1133 3418 1194 3488 ipsa
1212 3437 1228 3473 v

154 3527 158 3538 .
331 3487 518 3558 3ingluuies]
548 3488 622 3542 Fest.
653 3489 735 3544 Paul.
766 3496 851 3558 1123.
881 3491 958 3544 Sera.
987 3496 1011 3543 et
1041 3489 1168 3559 Philnrp.
1197 3491 1293 3560 Geory.
1317 3498 1404 3560 3,431.

262 3560 331 3614 Isid.
353 3563 455 3627 10‚138.
543 3567 558 3613 6
577 3559 698 3631 indiges]
717 3561 795 3614 Seru.
815 3561 883 3616 Aen.
900 3567 1003 3628 12‚794.
1029 3561 1066 3614 Et
1081 3559 1223 3630 indigetes
1242 3561 1281 3616 dii
1300 3563 1406 3632 duplici

261 3629 369 3686 ratione
389 3629 519 3686 dicuntur
543 3631 589 3685 uel
614 3632 764 3686 seeundum
784 3631 957 3702 Lucretium,
978 3632 1051 3701 quod
1070 3631 1174 3686 nullius
1192 3633 1232 3688 rei
1253 3637 1405 3702 egeant...

261 3701 319 3772 [uel
359 3702 412 3754 uod
430 3719 480 3757 nos
500 3701 615 3757 deorum
634 3701 821 3772 indigeamus,
844 3703 917 3756 unde
937 3703 1050 3772 quidam
1070 3720 1164 3757 omnes
1184 3704 1250 3759 deos
1268 3703 1407 3774 indigetes

162 3785 166 3788 ’
261 3721 399 3841 appellari
418 3773 523 3828 uolunt.
557 3772 606 3830 alii
629 3773 734 3843 patrios
753 3775 819 3829 deos
838 3773 976 3844 indigetes
995 3773 1050 3828 dici
1073 3773 1172 3828 debere
1196 3776 1318 3830 tradunt.
1357 3776 1407 3831 alii

263 3844 299 3897 ab
322 3842 498 3898 inuocatione
524 3843 664 3914 indigetes
688 3843 777 3900 dictos
801 3846 914 3913 uolunt,
944 3845 1019 3914 quod
1037 3843 1163 3914 indigeto
1188 3850 1230 3900 est
1255 3863 1352 3916 precor
1378 3852 1407 3902 et

262 3913 383 3994 inuooo].
399 3914 445 3967 uel
460 3917 532 3968 certe
543 3914 683 3984 indigetes
699 3917 775 3986 [sunt
789 3915 828 3970 dii
838 3933 871 3971 ex
886 3916 1045 3971 hominibus
1061 3915 1143 3970 tacti:
1159 3918 1187 3970 et
1201 3917 1240 3971 dii
1254 3917 1404 3988 indigetes]

263 3983 342 4053 quasi
359 4001 389 4036 m
410 3983 463 4039 diis
481 3987 604 4054 agentes.
629 3988 662 4052 ef.
683 3989 761 4042 eund.
782 3987 877 4057 Georp.
899 3992 985 4056 1,498.
1006 3987 1404 4058 Macrob.som.Scrp.1‚9,7.

263 4061 296 4108 15
324 4053 453 4126 insignit]
482 4055 555 4110 Fert.
587 4056 670 4115 Paul.
701 4065 784 4127 114,7.
813 4059 887 4114 Non.
912 4063 1016 4126 13022.
1039 4057 1116 4112 Sera.
1150 4058 1218 4114 Aen.
1250 4066 1351 4130 nasa

265 4132 295 4180 17
315 4126 525 4198 immensorum]
545 4146 564 4182 a
587 4129 672 4194 Neue,
687 4129 825 4184 Formenl.
845 4131 870 4183 d.
887 4130 903 4184 l.
920 4130 982 4197 tter.
998 4129 1031 4197 11,
1041 4146 1072 4197 p.
1090 4135 1129 4184 17.
1142 4134 1184 4184 70.
1257 4137 1290 4185 23
1309 4131 1405 4186 iuuen-

262 4197 319 4268 tus]
340 4198 409 4252 Isid.
430 4198 467 4253 D.
493 4198 523 4251 V.
542 4206 602 4253 310.
623 4201 754 4254 quentas
774 4203 816 4255 est
834 4201 966 4254 iuuenum
985 4199 1145 4268 multitudo,
1164 4199 1293 4256 iuuentus
1312 4205 1406 4257 autem

264 4269 317 4322 dea
326 4269 487 4324 iuuentutis.
512 4269 795 4326 inuentauerodeour
808 4271 963 4326 iuuentutis
977 4270 1081 4340 etipsa
1099 4275 1185 4326 aetas.
1212 4273 1261 4326 sed
1280 4277 1406 4330 auctores

264 4339 351 4393 nostri
369 4339 398 4394 in
417 4341 556 4410 plerisque
575 4341 644 4396 locis
663 4341 746 4397 aliter
763 4345 921 4412 posuerunt.
950 4343 983 4411 cs.
1006 4342 1088 4396 Prot.
1109 4344 1405 4414 septimanariis.

266 4410 339 4466 Suet.
360 4411 440 4467 Prot.
465 4413 496 4466 V.
517 4413 585 4482 Duff.
606 4413 807 4482 274,10.Sern.
828 4414 897 4469 Aen.
918 4419 1002 4483 1,590.
1022 4414 1096 4470 Non.
1115 4419 1219 4482 433,13.
