3208 5090
661 345 879 409 „51...

194 505 326 590 Latro,
350 503 504 591 satelles,
521 506 626 572 dictus
650 505 805 570 clateris
831 505 984 569 custodia.

194 594 347 659 Liuitus
371 596 440 661 sine
464 595 704 679 praepositione
729 592 877 676 ε11111111,
900 592 1091 660 immemor'.

194 682 368 749 Laterna
399 685 554 768 punica,
587 707 606 748 a
636 683 792 767 pellibus,
825 705 905 766 quas
934 683 974 747 ab
1004 683 1132 767 angulis
1160 683 1344 766 tegularum

245 771 366 838 adfixas
391 773 577 837 extendunt.

171 861 418 946 eLibassius,
441 862 539 926 Liber
562 865 662 946 pater.

195 948 506 1034 Luculentassit,
530 950 730 1017 luculentum
752 950 875 1014 fecerit.

196 1039 375 1124 †Luncus
399 1040 619 1105 nominatiuus
643 1039 903 1124 glossematioos,
927 1039 1060 1104 lucunti.

196 1127 383 1193 Lamenta
406 1149 522 1214 genere
545 1133 672 1211 uentre,
694 1149 829 1193 numero
844 1149 971 1212 semper
992 1127 1122 1211 plurali.
1151 1129 1345 1194 lamentus

241 1219 349 1281 autem
372 1238 490 1302 genere
505 1219 684 1282 masculino
699 1217 810 1281 dicunt
832 1216 943 1282 ludaei
968 1222 1125 1281 eteorum
1141 1218 1202 1282 filii
1217 1218 1345 1282 cimices

157 1321 182 1358 1⁰
240 1328 306 1370 non
329 1306 406 1372 lecti
430 1306 582 1391 genialis,
607 1306 662 1371 scd
687 1306 874 1390 sandapilae
898 1305 1190 1389 amphitheatralis.

196 1394 380 1479 Lepidus,
404 1396 531 1480 mollis,·
547 1397 665 1460 dicitur
688 1418 708 1460 a
729 1395 848 1479 lepore,
872 1395 957 1480 quod
981 1395 1101 1459 animal
1116 1395 1345 1461 mollissimum

241 1488 298 1548 est.
336 1484 488 1549 faselus
511 1507 602 1568 uere,
631 1484 686 1569 qui
715 1484 801 1549 iocos
829 1488 925 1568 gestu
954 1487 987 1549 et
1014 1483 1109 1554 factis
1133 1485 1346 1567 commendat,

241 1571 428 1639 afaciendo
452 1573 567 1638 dictus.

197 1660 374 1725 Libitina
401 1666 450 1728 est
478 1663 538 1726 dea
559 1682 776 1746 paganorum,
808 1660 952 1726 libidinis
980 1656 1054 1745 dea,
1082 1684 1179 1746 quam
1214 1662 1345 1748 qnidam

159 1763 184 1803 1⁵
245 1749 405 1814 Venerem
438 1751 631 1816 infernalem
669 1772 739 1816 esse
776 1750 934 1815 dixerunt.
974 1753 1086 1814 tamen
1119 1754 1152 1816 et
1182 1750 1345 1816 libitina

241 1839 359 1904 dicitur
386 1839 489 1904 lectus
519 1843 720 1906 mortuorum
748 1839 801 1904 nel
829 1839 933 1922 locus,
961 1839 995 1903 in
1030 1861 1092 1924 quo
1126 1841 1247 1904 mortui
1273 1862 1346 1904 con·

241 1926 369 1993 duntur.

197 2016 487 2102 Laestrygones
529 2021 643 2102 gentes
686 2021 761 2082 sunt
804 2017 1059 2101 crudelissimae,
1104 2021 1142 2080 ut
1183 2014 1343 2101 Cyclopas

242 2106 392 2170 diximus.

157 2210 183 2248 20
197 2194 334 2279 Lepos,
358 2195 524 2262 urbanitas
548 2196 679 2279 elegans
695 2199 728 2260 et
741 2195 852 2261 mollis
876 2217 913 2260 ac
935 2194 1052 2260 faceta.
1088 2193 1172 2259 unde
1195 2194 1343 2260 homines

241 2283 324 2348 tales
349 2283 472 2368 ‘lepidi’
496 2288 661 2350 uocantur.

270 2552 285 2599 2
305 2545 415 2601 Libitus
436 2547 558 2617 Papias,
577 2546 693 2602 Libidus
711 2565 735 2614 1,
754 2563 805 2602 orn.
827 2547 854 2599 P
964 2555 979 2601 3
1000 2565 1070 2617 quas
1084 2564 1119 2616 p:
1153 2547 1233 2616 quasi
1251 2547 1345 2617 Hac,

198 2617 246 2685 qui
266 2616 307 2685 01
324 2618 434 2686 angulis
451 2636 505 2672 mr:
525 2617 645 2673 uinculis
665 2619 693 2686 0,
713 2618 821 2672 unculis
839 2617 917 2687 Ilpa,
942 2619 1049 2673 onculis
1068 2619 1119 2686 ΗΙ
1134 2619 1293 2689 tegularum
1311 2637 1343 2688 p:

199 2691 228 2741 et
245 2687 374 2756 gularum
395 2689 433 2757 P,
452 2689 612 2758 regularum
630 2707 692 2742 cam
786 2696 803 2742 4
822 2689 957 2744 11111111
975 2690 1026 2757 H}
1043 2690 1198 2744 extendunt
1215 2690 1278 2759 Hp:
1298 2707 1343 2744 ex-

198 2758 315 2812 tendent
334 2759 389 2826 CR,
409 2760 561 2814 ostendunt
579 2759 605 2814 G
686 2767 702 2814 6
721 2760 928 2814 Luculentassit
945 2762 1058 2828 scripsi:
1081 2760 1296 2815 Luculentassat
1316 2761 1344 2828 0,

198 2829 411 2884 Luculentasset
433 2829 473 2898 R,
496 2830 707 2884 Lutulenlasset
725 2830 771 2884 uel
793 2831 995 2887 luculentaeset
1017 2831 1060 2896 H,
1078 2830 1246 2886 Lutulentus
1264 2832 1302 2886 sit
1320 2833 1346 2886 G
1392 2845 1394 2848 “

201 2898 397 2969 llueulentum
431 2899 491 2955 CR:
519 2899 689 2955 lutulentum
721 2901 768 2954 uel
799 2901 972 2955 luculentum
1004 2901 1048 2969 H,
1080 2902 1250 2956 lutulentum
1289 2903 1314 2956 G
1339 2911 1341 2973 1

197 2969 309 3024 fecisset
329 2969 357 3023 P
480 2979 494 3027 7
515 2972 625 3026 Luncus
645 2970 680 3040 0,
704 2971 833 3026 Luncuns
852 2971 923 3038 HR,
947 2971 1058 3026 Lucuns
1072 2989 1103 3042 p,
1122 2973 1213 3027 Lucus
1231 2989 1263 3042 v,
1281 2974 1344 3040 fort.

198 3041 309 3095 Lucnus
328 3066 362 3087 =
381 3037 481 3111 λύχνος
504 3046 508 3111 ι
534 3042 744 3112 glossematicos
765 3060 794 3096 o:
817 3041 1026 3112 gloseimaticos
1048 3043 1114 3111 HR,
1134 3043 1344 3114 gloseimatidos

200 3111 224 3165 O
245 3116 249 3179 Ι
274 3111 382 3167 1111111
416 3113 455 3168 P:
483 3113 574 3168 lncnit
605 3131 634 3182 o,
666 3115 731 3181 fort.
759 3114 879 3168 lucerna.
1006 3121 1022 3168 8
1050 3113 1186 3170 Lamenta
1219 3115 1265 3169 Ge·
1294 3132 1343 3171 ooo.

201 3182 228 3233 P
242 3184 246 3254 l
262 3184 371 3253 generis
399 3184 492 3240 neutri
521 3183 716 3253 Ollamentus
741 3184 778 3239 G:
802 3185 833 3238 L.
858 3185 1030 3253 mentuali,
1054 3185 1072 3240 l.
1091 3185 1204 3240 1111111
1227 3187 1271 3254 H,
1300 3188 1345 3241 uel

194 3253 334 3310 1111110
449 3254 614 3310 ‘edicuntur
633 3256 667 3308 H
782 3262 814 3309 10
832 3255 997 3326 legitimalis
1016 3257 1050 3310 Η
1065 3273 1098 3313 m.
1118 3262 1143 3310 1.
1161 3258 1165 3324 Ι
1181 3257 1344 3328 sandapilae

197 3342 259 3379 noe:
286 3324 441 3397 Gandapile
462 3326 490 3396 0,
510 3326 707 3396 scandaphilae
727 3327 793 3394 HR,
813 3327 938 3383 sananda
955 3327 1012 3398 pile
1032 3327 1057 3382 G
1185 3334 1217 3382 12
1236 3328 1344 3384 facetus
1455 3331 1462 3346 '

198 3397 281 3451 modo
301 3397 325 3451 O
412 3404 445 3452 15
465 3399 602 3454 dixerunt.
629 3398 678 3452 sed
695 3397 749 3452 hoc
767 3401 850 3468 poete
869 3399 979 3467 fingunt
997 3399 1023 3452 G
1115 3404 1146 3452 18
1166 3399 1345 3469 Lestrigones

199 3466 232 3522 0:
251 3467 424 3538 Listrigones
445 3469 567 3538 Papiae,
594 3468 770 3539 Listrigonae
789 3469 824 3522 H
827 3470 887 3526 Vae.
909 3476 986 3524 1552.
1007 3470 1052 3540 G!
1069 3469 1207 3540 Cyclopas
1225 3470 1344 3526 diximus

199 3538 238 3592 P:
257 3539 378 3608 ciclopes
397 3541 422 3594 G
494 3547 526 3594 21
547 3540 636 3610 lepidi
657 3537 696 3594 P:
714 3541 857 3610 lepodium
875 3557 900 3609 o,
918 3541 1063 3612 lepudium
1078 3559 1100 3610 p

271 3609 388 3680 llatro]
414 3611 508 3666 Plani.
535 3612 599 3666 Mil.
626 3618 720 3680 1,1,74.
751 3612 831 3666 Varr.
851 3612 884 3666 L.
902 3612 936 3666 L.
957 3617 1025 3680 7111.
1058 3612 1192 3668 Latrones
1216 3611 1285 3668 dicti
1309 3612 1345 3667 ab

197 3679 298 3748 latere,
322 3680 371 3749 qui
389 3682 493 3735 circum
515 3682 606 3738 latera
624 3685 704 3737 erant
725 3682 786 3752 regi
804 3685 888 3750 atque
907 3682 943 3736 ad
961 3683 1052 3736 latera
1070 3682 1215 3737 habebant
1232 3683 1345 3751 ferrum,

199 3767 268 3819 quos
286 3753 385 3820 postea
404 3769 421 3805 a
435 3752 583 3822 stipatione
598 3753 747 3823 stipatores
762 3753 949 3822 appellarunt.
982 3755 1033 3807 ant
1045 3753 1094 3822 qui
1109 3753 1345 3808 conducebantur.

199 3837 233 3875 ea
258 3821 333 3876 enim
357 3839 462 3877 merces
485 3839 584 3892 graece
606 3823 708 3877 dicitur
729 3819 839 3892 λάτρον.
863 3823 898 3891 cf.
922 3823 996 3878 Fest.
1028 3822 1110 3878 Paul.
1139 3827 1242 3893 118,1o.
1266 3824 1344 3879 Seru.

199 3893 268 3947 Aca.
294 3899 361 3958 12³7·
391 3909 395 3916 ·
475 3899 491 3946 2
519 3893 627 3962 linitus]
653 3893 773 3947 Cassiod.
798 3895 865 3949 ortt,
888 3900 1011 3963 ammo.
1037 3893 1070 3952 P.
1109 3893 1267 3950 Obliuiscor
1289 3913 1345 3948 non

199 3963 317 4033 simplex
345 3963 393 4018 sed
421 3964 606 4046 compositum
635 3966 683 4019 est.
722 3964 870 4033 compositi
892 3965 1000 4020 scilicet
1026 3965 1108 4020 huius
1130 3964 1249 4049 simplex
1273 3966 1345 4020 latet

199 4036 228 4088 in
261 4033 383 4102 antiquis
416 4035 574 4090 nominibus
602 4037 632 4089 et
663 4036 857 4089 monumentis
902 4036 993 4091 liuisei
1026 4036 1100 4091 enim
1132 4036 1262 4092 obhuisci
1277 4097 1281 4108 ,
1294 4040 1345 4108 est,

200 4105 339 4172 linitus,
358 4107 434 4174 quod
451 4123 502 4160 nos
520 4105 604 4162 hodie
623 4123 673 4176 per
691 4105 835 4161 elisionem
857 4106 995 4162 ‘oblitus’.
1067 4114 1082 4163 3
1102 4108 1212 4162 laterna
1229 4108 1344 4178 punica]

202 4176 297 4231 Plani.
321 4177 386 4231 Aul.
411 4182 507 4246 3,o,29.
539 4177 611 4231 Volo
635 4194 668 4231 ex
691 4179 720 4231 te
744 4177 830 4246 scire,
854 4179 902 4247 qui
921 4180 959 4233 sit
976 4195 1064 4249 agnus
1083 4179 1168 4234 eurio.
1210 4177 1264 4246 Qui
1283 4193 1346 4234 ossa

200 4251 285 4318 atque
303 4247 385 4317 pellis
404 4250 506 4317 totust,
524 4248 566 4303 ita
584 4265 650 4304 cura
668 4251 767 4304 macet.
802 4248 874 4315 Quin
893 4253 958 4304 exta
976 4249 1113 4320 inspicere
1131 4250 1161 4304 in
1179 4250 1238 4305 sole
1258 4250 1344 4305 etiam

199 4319 266 4374 uiuo
284 4318 359 4373 licet.
392 4320 436 4373 Ite
453 4319 477 4374 is
495 4319 629 4389 pellucet,
649 4320 728 4389 quasi
746 4320 856 4374 laterna
873 4319 982 4390 punica.
1061 4328 1094 4375 14
1112 4320 1236 4393 libitina]
1262 4322 1343 4376 Varr.

199 4391 233 4444 L.
253 4390 285 4444 L.
305 4394 374 4456 6,47.
402 4390 567 4445 elabendo
586 4390 687 4460 libido,
705 4391 871 4446 libidinosus
890 4409 924 4446 ac
941 4392 1035 4446 Venus
1054 4391 1203 4448 Libentina
1222 4393 1345 4450 111111-

200 4461 267 4516 tina.
341 4467 375 4516 20
393 4461 484 4536 lepos]
506 4461 601 4518 Plaut.
623 4461 856 4533 occearano.
