3208 5090
682 325 719 333 —-
768 305 828 351 xxr
876 289 917 332 ἕ·

226 445 424 528 ‘potpitrons’
440 469 497 512 seu
510 444 720 530 ‘pulpretrans',
741 446 926 511 Luetatium
942 449 1060 529 autem,
1074 467 1147 510 eum
1161 444 1223 509 hoe
1237 445 1372 510 uerbum

226 554 422 638 antiquitate
450 554 660 619 obliteratum
689 553 719 616 ei
745 574 861 635 parum
888 551 1027 616 latinum
1054 552 1162 616 uisum
1189 554 1288 636 esset,
1311 573 1370 634 pro

225 680 263 723 eo
286 681 399 725 uoeem
420 660 625 725 usitatiorem
648 656 827 742 ‘palpitans’
846 658 1008 740 posuisse:
1030 655 1213 722 Varronem
1237 659 1367 743 quidem

226 763 404 847 perpetrm
431 788 490 850 pro
520 763 702 847 palpebrae
732 785 905 846 usurpasse
930 761 1097 828 Charisius
1125 764 1142 828 I
1167 765 1307 848 105,14.
1330 765 1369 828 Κ.

141 901 143 910 ·
225 873 374 937 testatur.
415 871 528 937 deinde
563 871 649 955 quod
672 857 827 935 Plaeidus=
848 868 1050 952 ‘supellectile'
1074 873 1110 934 ut
1132 871 1371 935 nominatiuum

227 976 427 1060 singularem
459 977 570 1060 posuit
601 981 634 1041 et
667 974 809 1042 ‘maeno’
842 976 1000 1042 secundae
1031 976 1271 1061 coniugationis
1300 998 1369 1041 esse

224 1082 319 1166 dixit,
351 1083 415 1166 ipsi
446 1082 528 1147 uitio
561 1082 700 1147 dandum
733 1105 803 1147 esse
831 1087 925 1166 puto,
958 1083 1038 1147 item
1071 1083 1155 1167 qnod
1183 1083 1370 1167 analogiam

223 1189 342 1254 uitium
365 1189 417 1252 uel
436 1189 664 1254 rectitudinem
679 1187 814 1254 alieuius
837 1189 929 1254 uerbi
951 1189 1184 1272 interpretatus
1209 1193 1273 1272 est,
1297 1211 1370 1253 oum

224 1295 270 1358 sic
284 1294 351 1358 fere
365 1295 470 1359 dioere
486 1295 648 1360 debuerit:
672 1294 873 1378 ‘Aaoioqia
885 1301 930 1361 esi
945 1296 1028 1359 ratio
1041 1295 1266 1375 similitudinis,
1289 1297 1370 1361 uode

222 1403 410 1482 cognoscitur
436 1403 551 1466 uitium
577 1402 627 1466 uei
654 1402 798 1467 rectitudo
826 1403 960 1467 alduino
981 1400 1089 1467 uerbi'.
1126 1422 1209 1486 quae
1232 1401 1368 1485 denique

223 1529 248 1570 s.
276 1530 306 1570 n.
331 1507 434 1587 faetus
461 1509 615 1592 leguntur
641 1529 682 1573 ne
709 1507 842 1572 Placido
871 1508 1002 1593 quidem
1029 1508 1140 1592 digna,
1173 1529 1212 1572 ea
1239 1507 1369 1572 aliunde

222 1613 354 1677 inuecta
382 1595 453 1678 esse
481 1614 599 1678 idcireo
623 1613 827 1697 crediderim,
850 1615 936 1698 quod
959 1613 1039 1679 haee
1062 1614 1175 1699 glossa
1198 1615 1239 1678 ad
1261 1613 1367 1678 Iesum

224 1715 404 1802 Christum,
428 1720 484 1803 qui
506 1741 582 1783 earo
606 1717 711 1784 faetus
735 1723 798 1802 est,
821 1719 950 1784 uidetur
972 1720 1142 1784 referenda
1165 1742 1243 1785 esse.
