3208 5090
685 251 954 346 &sa—

272 439 392 504 Scena
416 443 466 503 est
484 459 610 504 camera
627 439 792 504 hincinde
807 439 998 524 composita,
1021 461 1102 523 quae
1122 440 1287 504 inumbrat
1304 441 1428 505 locum

315 529 350 593 in
381 528 523 612 theatro,
560 529 595 592 in
634 550 697 613 quo
728 528 797 599 ludi
830 529 1015 592 actitantur.
1055 529 1134 592 item
1168 551 1264 593 scena
1296 529 1429 593 dicitur

203 683 207 691 ,
315 618 468 681 arborum
490 618 525 681 in
554 640 587 680 se
615 617 870 681 incumbentium
893 618 986 701 quasi
1009 621 1236 681 concamerata
1258 619 1428 702 densatio,

315 710 351 770 ut
379 707 616 789 supterpositos
644 709 754 789 tegere
777 706 891 789 possit.
932 707 1009 769 item
1034 728 1130 770 scena
1161 708 1297 770 uocatur
1328 728 1425 772 com-

242 812 255 852 5
312 795 433 879 positio
459 795 592 858 alicuius
616 795 784 878 carminis,
817 817 898 878 quae
931 795 1029 878 digna
1057 795 1101 859 sit
1134 796 1188 880 agi
1220 796 1256 858 in
1285 796 1427 860 theatro

315 885 605 949 exclamationibus
646 883 790 967 tragicis.
845 883 1054 966 tragoedia
1095 887 1145 948 est
1187 885 1272 948 enim
1313 905 1425 968 genus

314 973 480 1055 carminis,
508 994 570 1055 quo
599 977 715 1056 poetae
742 993 855 1056 regum
883 993 976 1036 casus
1004 971 1194 1036 durissimos
1229 977 1262 1037 et
1294 973 1424 1037 scelera

313 1061 461 1126 inaudita
483 1062 535 1125 uel
559 1061 688 1125 deornm
708 1083 760 1124 res
776 1061 843 1125 alto
859 1061 969 1125 sonitu
983 1060 1179 1126 describunt
1207 1062 1423 1146 comoedia,

314 1172 395 1234 quac
418 1172 469 1214 res
484 1150 687 1233 priuatorum
706 1152 740 1213 ct
751 1149 922 1213 humilium
936 1170 1148 1232 personarum
1163 1149 1422 1234 comprehendit,

232 1257 257 1294 10
314 1242 472 1303 nontam
495 1239 562 1304 alto
586 1243 622 1303 nt
644 1239 815 1320 tragoedia
838 1238 928 1322 stilo,
952 1237 1007 1301 red
1031 1238 1185 1302 mediocri
1208 1243 1241 1302 ct
1264 1239 1357 1303 dulci.

270 1326 455 1480 Suprerptia
470 1330 502 1442 et
525 1326 667 1392 ‘summi'
683 1328 847 1410 significat
869 1331 903 1390 et
927 1326 1074 1410 ‘ultimi'2
1092 1328 1281 1411 supprimi
1305 1331 1418 1391 autem

271 1474 274 1478 ,
329 1438 407 1481 occu
455 1439 505 1480 rr.

268 1503 421 1569 Sorites
454 1508 505 1569 est
537 1527 588 1568 ars
624 1504 675 1568 nel
712 1507 939 1588 argumentum
960 1501 1253 1587 philosophorum.
1304 1499 1414 1586 σωρὸς

317 1614 431 1677 graece
459 1616 591 1658 aceruus
619 1593 746 1657 dicitur.
784 1593 875 1657 aiunt
904 1592 1004 1656 enim:
1036 1593 1070 1656 in
1093 1593 1154 1657 hoc
1183 1615 1312 1677 accru0,
1335 1597 1416 1676 puta

231 1699 255 1736 1⁵
315 1683 482 1765 frumenti,
510 1683 537 1746 si
567 1682 727 1746 addideris
755 1701 893 1765 granum
915 1704 1028 1764 unum,
1056 1685 1090 1744 et
1113 1682 1201 1745 aliud
1225 1685 1258 1745 et
1279 1682 1415 1745 tertium

294 1793 426 1854 rcapere
449 1769 571 1854 potest,
596 1772 642 1834 sic
664 1774 701 1834 ut
725 1771 770 1834 ad
788 1771 951 1834 infinitum
974 1771 1135 1852 procedat.
1171 1770 1224 1839 uel
1248 1791 1361 1834 manus
1386 1772 1415 1834 si

313 1882 413 1943 capax
446 1864 496 1923 est
532 1860 642 1923 decem
680 1859 870 1943 solidorum,
903 1858 1001 1922 addas
1033 1881 1145 1942 unum,
1183 1863 1216 1922 et
1247 1859 1348 1923 alium
1381 1865 1414 1924 et

312 1949 447 2012 tortium
470 1971 583 2030 capere
606 1951 722 2030 potest.
760 1948 806 2011 sic
830 1968 907 2031 ergo
931 1948 970 2011 ad
993 1948 1157 2011 infinitum
1179 1948 1293 2011 tendit.

270 2036 441 2119 Sphaera
465 2041 514 2100 cst
537 2037 720 2100 rotunditas
744 2037 855 2099 mundi
868 2036 1024 2100 uolubilis
1040 2040 1072 2099 et
1096 2035 1249 2120 quidquid
1272 2037 1339 2100 tale
1362 2041 1414 2101 cst

228 2142 254 2180 2⁰
312 2126 352 2189 ad
384 2125 635 2190 uolubilitatem.
681 2125 792 2189 dicunt
822 2125 920 2188 etiam
957 2125 1109 2207 sphaeras
1143 2147 1181 2188 ex
1215 2125 1343 2208 capillis
1379 2129 1414 2189 et

311 2214 452 2297 pellibus
476 2215 593 2295 factas,
617 2213 733 2297 quibus
756 2213 872 2277 ludunt
894 2213 1044 2277 infantes.

269 2300 431 2385 Separia
452 2325 512 2386 pro
537 2301 710 2386 ‘separata’
735 2305 791 2366 aut
815 2301 987 2367 ‘discreta’.

268 2390 537 2462 Subsistentia
568 2392 719 2455 dicuntur
742 2390 795 2454 uel
825 2394 1008 2454 constructe
1031 2391 1111 2474 fixa,
1148 2392 1198 2454 uel
1227 2413 1265 2455 ex
1294 2392 1411 2474 quibus

312 2480 438 2564 aliquae
461 2502 514 2544 res
542 2480 733 2563 subsistunt,
760 2484 798 2542 ut
826 2479 961 2542 dicimus
992 2479 1201 2563 substantias,
1229 2484 1266 2544 ut
1292 2481 1320 2544 si
1348 2481 1410 2544 ele-

226 2585 252 2623 25
312 2573 429 2648 menta,
444 2569 560 2653 quibus
574 2569 678 2632 factus
694 2571 744 2631 est
757 2568 907 2650 mundus,
929 2568 1067 2631 uelimus
1084 2569 1284 2633 snbstantias
1298 2569 1411 2633 dicere.

268 2656 497 2741 Sugillauit,
519 2657 632 2722 irrisit.

266 2744 557 2829 tSupcrtietur,
582 2746 814 2829 superiacietnr
835 2746 888 2809 uel
912 2749 1153 2830 superponetur.

267 2833 539 2900 Sanctnarium
563 2837 654 2899 locus
668 2835 721 2898 uel
736 2835 926 2917 cubiculum,
949 2833 1005 2898 ubi
1020 2838 1149 2898 sanctae
1172 2858 1223 2899 res
1247 2840 1409 2919 geruntur.

339 3123 352 3169 1
372 3116 438 3171 hinc
455 3113 521 3170 inde'
540 3115 577 3170 G:
596 3116 625 3169 in
645 3115 752 3170 cicinde
773 3114 801 3168 P
880 3121 895 3168 5
915 3115 1039 3170 criminis
1057 3115 1090 3168 H
1104 3117 1109 3183 l
1124 3132 1196 3183 quae
1214 3116 1300 3185 digna
1319 3116 1408 3171 OHG:

266 3188 341 3255 quod
360 3186 477 3256 dignum
495 3187 522 3240 R
539 3189 542 3254 Ι
559 3186 597 3241 sit
616 3185 675 3241 CR:
700 3189 767 3240 sunt
784 3187 841 3241 HG
966 3192 983 3241 8
1001 3187 1106 3241 resulto
1127 3185 1150 3240 0
1170 3193 1195 3240 ct
1212 3205 1307 3256 marpo
1326 3187 1361 3241 H

267 3265 298 3311 11
318 3257 411 3312 ultimi
429 3275 483 3311 mr:
511 3257 612 3324 ultio,
637 3258 735 3327 injusti
759 3256 792 3326 d,
810 3259 903 3312 imusu
926 3258 969 3326 H,
991 3257 1042 3311 imi
1067 3257 1095 3310 R
1118 3263 1142 3310 ct
1165 3259 1236 3312 Isid.
1253 3261 1261 3327 1,
1274 3259 1409 3329 supprimi

264 3346 306 3382 mr
325 3329 410 3382 Isiu:
428 3328 512 3397 primi
528 3329 562 3395 P,
582 3330 737 3398 supremis
812 3335 844 3382 12
863 3329 997 3382 occultari
1017 3327 1064 3382 OG
1083 3329 1168 3382 Isiu:
1188 3330 1332 3384 occultarii
1351 3329 1408 3383 HR

266 3406 299 3454 13
319 3398 423 3454 Sorites
444 3398 476 3453 0:
497 3399 617 3454 Soritica
635 3399 674 3468 G,
694 3399 836 3454 Socratica
853 3399 912 3452 HR
989 3407 1023 3452 14
1041 3417 1172 3454 aceruum
1192 3399 1229 3454 Oc
1246 3404 1250 3470 Ι
1266 3417 1334 3456 aruo
1354 3400 1378 3455 O

266 3477 298 3524 17
317 3471 458 3525 soldorum
477 3471 511 3523 H
642 3477 675 3524 19
695 3469 820 3540 Sphaera
837 3470 877 3524 R:
898 3470 986 3539 Spera
1006 3471 1043 3538 P,
1067 3471 1174 3540 Shpera
1192 3475 1228 3542 61
1248 3472 1408 3527 uolubilitas

265 3542 291 3595 G
398 3548 431 3595 22
452 3540 568 3611 Separia
590 3558 621 3596 c:
646 3541 782 3611 Separata
807 3541 852 3609 ΡΙ
868 3558 919 3610 pro
942 3546 1071 3610 separata
1093 3543 1135 3596 H:
1158 3559 1208 3612 pro
1231 3546 1363 3612 separant
1382 3542 1404 3596 0

263 3614 428 3683 prosperata
444 3630 470 3680 o,
488 3629 539 3667 orn.
558 3613 585 3666 R
602 3615 606 3681 l
622 3616 652 3667 et
670 3613 798 3667 desorata
817 3611 840 3665 0
940 3618 974 3666 23
993 3617 1151 3669 constructe
1171 3613 1235 3668 GH:
1255 3614 1407 3669 constituta

263 3685 311 3738 uel
324 3687 364 3751 (et
379 3683 413 3750 G)
428 3683 483 3738 HG
496 3690 521 3738 ct
537 3683 592 3737 GH
603 3687 687 3739 altero
702 3686 758 3738 loco
829 3689 864 3737 24
878 3686 910 3738 ut
924 3683 993 3738 HG:
1009 3683 1100 3753 decc,
1117 3687 1146 3739 et
1158 3685 1186 3738 R
1258 3691 1292 3740 27
1308 3685 1407 3756 Super-

262 3757 349 3810 tietur
358 3753 425 3821 HR,
445 3754 639 3825 Suppertictur
658 3755 686 3823 0,
706 3754 877 3824 supercietur
892 3755 925 3823 G,
943 3756 1007 3821 fort.
1028 3755 1218 3824 Superdnetur
1233 3759 1237 3824 1
1254 3757 1408 3825 superiacct

265 3825 304 3895 01
321 3831 523 3895 superponetur
539 3844 578 3880 m:
598 3828 771 3896 supponetur
789 3847 810 3878 ω

336 3905 349 3950 1
370 3897 464 3965 scena]
480 3897 558 3950 Seru.
573 3899 642 3950 Aea.
659 3903 744 3962 1‚164.
765 3897 855 3952 Sccna
867 3898 1038 3952 inumbratio
1053 3900 1082 3952 et
1096 3898 1172 3953 dicta
1186 3913 1268 3952 scena
1282 3893 1339 3952 ἀπὸ
1358 3899 1407 3967 τῆς

263 3970 351 4030 σκιᾶς,
384 3969 459 4036 apud
483 3969 612 4037 antiquos
636 3969 710 4023 enim
734 3967 880 4023 theatralis
899 3985 982 4023 scena
999 3969 1137 4039 parictem
1155 3986 1212 4023 non
1229 3969 1341 4038 habuit,
1360 3970 1407 4023 sed

263 4041 297 4094 de
307 4039 452 4093 frondibus
461 4040 625 4094 umbracula
639 4039 818 4108 quaerebant.
833 4042 931 4110 postea
944 4041 1073 4095 tabulata
1083 4057 1248 4109 componere
1258 4043 1407 4110 coeperunt

263 4111 292 4164 in
310 4112 425 4165 modum
443 4110 567 4180 parietis.
593 4113 627 4178 cf.
647 4109 725 4165 Sera.
740 4111 836 4180 Georp.
852 4117 921 4179 3,24.
942 4113 1012 4166 Iaid.
1034 4117 1146 4180 18,43,1.
1220 4118 1252 4165 11
1273 4112 1406 4181 supremi]

263 4209 296 4227 =
312 4180 383 4236 Isiu.
398 4182 435 4234 D.
457 4181 487 4236 V.
509 4186 569 4236 511.
589 4183 622 4248 cf.
642 4181 716 4236 Fest.
734 4180 817 4236 Paul.
837 4188 942 4252 304,11.
1017 4189 1049 4236 19
1069 4183 1199 4254 sphaera]
1220 4183 1292 4237 Isid.
1312 4188 1405 4249 13,5‚2.

263 4253 388 4322 Sphacra
411 4251 483 4306 caeli
507 4252 596 4319 dicta,
625 4269 657 4306 eo
681 4253 755 4321 quod
778 4253 884 4323 species
908 4253 966 4308 cius
988 4253 1018 4307 in
1040 4254 1191 4308 rotundum
1213 4253 1334 4308 formata
1357 4257 1405 4322 est,

263 4325 311 4376 sed
336 4327 368 4378 et'
388 4323 526 4392 quidquid
548 4324 607 4377 tale
631 4326 673 4377 est
696 4324 732 4377 ad
751 4324 970 4392 uolubilitatem,
993 4325 1112 4394 sphaera
1129 4343 1147 4379 a
1165 4324 1278 4380 Graecis
1297 4325 1405 4392 dicitur,

262 4396 334 4449 sicut
352 4397 381 4447 et
399 4394 489 4464 pilae,
509 4394 609 4463 quibus
628 4395 728 4448 ludunt
745 4394 874 4449 infantes.
