3208 5090
693 350 727 359 ν·
776 331 827 378 VII
876 351 911 358 -

228 494 314 538 oum
340 495 439 558 88818,
470 473 592 538 1811888
617 473 746 556 hames,
774 473 937 555 polluistis
962 473 1109 554 pellicens
1130 473 1245 557 pellex,
1272 473 1376 555 pena

223 580 382 662 pollobro,
399 581 545 662 88888118
561 579 692 662 procos'.

316 686 489 751 Praeterea
510 686 705 750 monendum
723 684 860 768 uidetur,
882 685 1062 770 permultas
1082 687 1218 770 glossas,
1242 685 1376 770 quaein

228 793 354 858 Placidi
377 793 470 857 libris
493 815 560 857 non
581 792 747 877 leguntur,
776 791 845 856 8188
873 792 998 856 nomini
1025 791 1059 856 in
1082 792 1167 857 libro
1192 792 1375 876 glossarum

228 901 379 964 adscribi.
407 900 445 964 de
463 900 516 964 his
535 899 619 963 inira
639 899 887 983 disputabimus.
916 904 1030 964 contra
1043 899 1078 964 in
1091 899 1176 963 libro
1192 899 1375 982 glossarum

227 1006 288 1072 has
305 1006 430 1071 Placidi
449 1007 577 1090 glossas
592 1005 714 1069 frustra
730 1004 962 1088 quaesierimus:
987 1004 1189 1082 ε8118811881,
1203 1005 1375 1086 8988818188,

227 1113 327 1196 alitos,
350 1114 531 1194 altrinsecus
549 1108 600 1198 (ea
621 1113 722 1176 allero
728 1108 844 1196 porte),
858 1111 998 1195 alomna,
1019 1112 1246 1196 labeonem,
1259 1113 1375 1194 asiaco,

227 1219 384 1302 88819188,
407 1220 559 1302 decrepiti,
581 1217 938 1300 88188188188888818,
961 1216 1073 1301 ephebi,
1095 1237 1190 1301 eques,
1213 1218 1374 1300 8898811118,

227 1331 365 1404 euectos,
388 1326 528 1406 arudes,
549 1323 716 1406 faenebis,
736 1328 912 1405 9811881188,
938 1323 1070 1406 lubeca,
1092 1324 1269 1404 februarius
1290 1343 1375 1386 mor-

228 1433 290 1495 tius
304 1435 373 1514 etc,
386 1433 543 1513 inuestem,
556 1431 710 1512 lusorias,
730 1430 830 1506 iubar,
853 1430 1025 1507 18888888,
1049 1431 1185 1512 traduc,
1208 1430 1376 1507 1888111888,
1437 1441 1442 1451 ·

227 1538 445 1620 noctisportes,
462 1557 526 1600 ooo
539 1538 666 1618 quitum,
690 1535 861 1613 obnuberat,
884 1538 1008 1620 occasio,
1030 1557 1149 1614 oenum,
1166 1535 1376 1620 pbleyetootes,

225 1644 378 1727 pollutio,
400 1663 523 1726 procos,
545 1643 717 1724 proovatos,
743 1643 887 1725 patna,
914 1644 1053 1723 8811818,
1082 1663 1216 1720 comm,
1243 1648 1376 1727 solatus,

226 1750 435 1831 stipulatores,
463 1749 575 1813 tenua.
617 1769 698 1832 quae
727 1771 799 1811 cum
827 1749 861 1811 in
892 1749 1042 1813 omnibus
1066 1750 1173 1813 desint
1196 1749 1377 1832 glossariis,

229 1855 345 1938 quibus
361 1855 490 1938 quidem
508 1877 568 1920 nos
592 1854 642 1918 usi
665 1875 785 1936 sumus,
809 1853 1059 1918 existimandum
1082 1859 1141 1938 881,
1165 1877 1218 1919 888
1242 1856 1375 1920 omnino

227 1961 313 2024 libro
337 1961 521 2045 glossarum
548 1983 614 2025 non
640 1960 780 2024 insertas
808 1959 925 2042 trisse,
951 1964 989 2024 ut
1011 1961 1111 2026 etiam
1134 1961 1219 2026 hanc
1242 1963 1283 2026 ob
1307 1984 1376 2026 rem

227 2067 330 2132 libros
354 2067 479 2130 Placidi
507 2067 627 2130 alibro
657 2066 841 2149 glossarum
864 2066 1016 2130 deductos
1040 2089 1110 2132 8888
1133 2067 1288 2132 credibile
1310 2089 1375 2132 non

127 2166 134 2171 ⁶
227 2173 279 2237 811.
317 2195 424 2238 earum
456 2196 534 2256 quas
563 2195 660 2256 supra
688 2172 827 2236 diximus
852 2172 1035 2256 glossarum
1057 2174 1166 2257 plures
1190 2174 1262 2239 ideo
1285 2197 1376 2258 prae·

226 2279 396 2344 termissus
414 2279 565 2343 uidentur
588 2301 672 2362 8888,
696 2278 781 2362 quod
807 2300 881 2342 cum
909 2279 950 2342 ab
969 2277 1159 2343 Isidorianis
1182 2280 1263 2344 locis
1291 2281 1375 2347 nihil

226 2385 398 2468 paulumne
426 2385 599 2468 distarent,
631 2385 709 2449 libri
742 2385 924 2468 glossarum
957 2389 1104 2450 auctores
1140 2386 1220 2450 locis
1256 2386 1374 2452 Isidori

227 2491 405 2556 simillimis
425 2492 490 2555 iam
509 2491 620 2556 allatis
640 2492 753 2555 eadem
771 2479 872 2555 uerba
891 2491 1010 2556 iterare
1029 2491 1210 2556 noluerant.
1238 2493 1279 2557 ob
1304 2515 1375 2558 eam

227 2618 357 2661 causam
371 2597 430 2669 has
445 2597 570 2661 Placidi
585 2597 711 2684 glossas
732 2598 882 2661 omisisse
905 2597 987 2662 mihi
1004 2595 1168 2662 uidentur:
1193 2599 1374 2682 ‘agredulae

226 2705 365 2787 olomeo,
382 2705 539 2785 88819188,
557 2705 707 2786 decrepiti,
726 2704 917 2788 emispberio,
935 2725 1030 2785 eques
1053 2709 1186 2787 euentus,
1197 2705 1376 2784 febuoiios

226 2811 358 2874 martios
390 2812 464 2892 etc,
499 2809 603 2891 iubar,
634 2811 810 2892 lucanaria,
841 2812 938 2874 cloelis
963 2816 1083 2893 purim,
1115 2812 1243 2892 occasio,
1278 2813 1375 2894 stibio

227 2913 357 2980 litores.
395 2914 524 2979 eosdem
554 2917 662 2978 autem
688 2937 754 2979 non
783 2938 883 2979 unum
912 2914 1036 2978 Placidi
1065 2915 1186 2978 librum
1209 2918 1375 3002 scriptum,

226 3023 281 3086 sed
305 3022 385 3085 (1888
404 3022 555 3105 pluresue
574 3020 769 3102 adhibuisse,
792 3043 831 3084 ex
850 3043 888 3086 eo
907 3021 1123 3105 cognoscitur,
1142 3022 1228 3104 quod
1246 3023 1374 3106 glossas

226 3129 305 3194 satis
329 3129 450 3192 multas
474 3128 596 3210 duplici
619 3128 746 3192 ratione
768 3127 965 3211 perscriptas
989 3129 1079 3211 operi
1101 3127 1314 3211 inseruerunt,
1338 3135 1375 3194 ut
1487 3189 1495 3202 ‚

225 3237 380 3300 artissime
422 3235 585 3318 commisit,
627 3235 823 3316 alterplicem,
867 3235 1035 3316 adsentiat,
1078 3235 1213 3312 accolae,
1249 3236 1374 3314 coliillo,

227 3344 355 3424 candos,
378 3343 499 3425 conieci,
521 3346 680 3424 mouentes,
702 3342 804 3418 colim,
826 3342 995 3406 crastinam
1018 3345 1079 3405 818.
1120 3363 1255 3424 quarum
1278 3341 1373 3406 modo

226 3449 329 3513 altera
347 3470 420 3512 cum
438 3448 562 3514 Placidi
581 3448 676 3512 libris
696 3448 868 3532 consentit,
890 3448 986 3511 modo
1004 3451 1128 3511 neutra.
1160 3446 1234 3512 aliis
1256 3470 1374 3512 nomen

226 3554 365 3631 Placidi,
393 3555 466 3619 aliis
490 3555 630 3620 alienum
653 3576 785 3638 nomen,
813 3554 888 3618 aliis
915 3554 999 3618 nihil
1021 3576 1152 3637 prorsus
1176 3554 1374 3638 adscriptum

226 3664 284 3725 881.
317 3661 372 3725 sed
389 3683 454 3726 non
468 3663 574 3726 solum
589 3662 717 3745 glossae
731 3661 899 3744 repetitae,
917 3683 1029 3724 uorum
1043 3661 1143 3724 etiam
1163 3661 1320 3743 quaedam
1339 3662 1372 3724 in

93 3843 99 3854 ι
227 3766 305 3830 duas
320 3773 428 3830 tresue
442 3773 553 3850 partes
577 3768 700 3831 diuisae
725 3789 898 3851 earumque
921 3767 1103 3849 fragmenta
1127 3788 1203 3830 suae
1226 3767 1373 3850 quodque
1399 3815 1402 3827 .

226 3871 342 3937 literae
366 3873 511 3937 subiecta
534 3876 625 3957 sunt,
648 3896 712 3958 quo
735 3874 852 3938 melius
875 3873 971 3938 lexici
994 3873 1066 3938 usui
1090 3873 1259 3957 seruirent,
1281 3873 1374 3938 uelut

226 3978 327 4061 ‘copta
342 3984 520 4060 1888881818,
543 3981 697 4045 artissime
714 3981 873 4059 commisit,
896 3981 1082 4046 8881888818
1105 3973 1255 4067 (iubete),
1278 3981 1371 4045 bono-

224 4086 346 4170 ripetoe,
368 4087 436 4167 ioci
456 4085 574 4166 iunoni,
597 4086 707 4151 seeno'.
743 4085 879 4170 denique
903 4061 1016 4170 gldssa
1031 4084 1234 4168 ‘ioeottesileo’
1254 4086 1371 4150 leuiter

224 4195 348 4256 mutata
373 4215 397 4255 s.
420 4216 450 4256 8.
473 4211 635 4258 omoeooes
657 4192 686 4256 A
710 4193 824 4258 literae
847 4194 971 4257 inserta
994 4195 1053 4256 est.
