<?xml version="1.0" encoding="UTF-8"?>
<!DOCTYPE html PUBLIC "-//W3C//DTD XHTML 1.0 Transitional//EN"
    "http://www.w3.org/TR/xhtml1/DTD/xhtml1-transitional.dtd">
<html xmlns="http://www.w3.org/1999/xhtml" xml:lang="en" lang="en">
 <head>
  <title>
</title>
<meta http-equiv="Content-Type" content="text/html;charset=utf-8" />
  <meta name='ocr-system' content='tesseract 3.04.00' />
  <meta name='ocr-capabilities' content='ocr_page ocr_carea ocr_par ocr_line ocrx_word'/>
</head>
<body>
  <div class='ocr_page' id='page_1' title='image "./luctatiiplacidi00deuegoog_0061.png"; bbox 0 0 3208 5090; ppageno 0'>
   <div class='ocr_carea' id='block_1_1' title="bbox 716 347 936 410">
    <p class='ocr_par' dir='ltr' id='par_1_1' title="bbox 716 347 936 410">
     <span class='ocr_line' id='line_1_1' title="bbox 716 347 936 410; baseline 0.014 -18"><span class='ocrx_word' id='word_1_1' title='bbox 716 347 936 410; x_wconf 56' lang='grc'><strong>-34,</strong></span> 
     </span>
    </p>
   </div>
   <div class='ocr_carea' id='block_1_2' title="bbox 253 504 831 679">
    <p class='ocr_par' dir='ltr' id='par_1_2' title="bbox 253 504 831 679">
     <span class='ocr_line' id='line_1_2' title="bbox 255 504 611 590; baseline -0.003 -20"><span class='ocrx_word' id='word_1_2' title='bbox 255 504 408 590; x_wconf 87' lang='lat' dir='ltr'><strong>Deiero,</strong></span> <span class='ocrx_word' id='word_1_3' title='bbox 432 506 507 570; x_wconf 88' lang='lat' dir='ltr'><strong>deos</strong></span> <span class='ocrx_word' id='word_1_4' title='bbox 532 507 611 570; x_wconf 90' lang='lat' dir='ltr'><strong>iuro.</strong></span> 
     </span>
     <span class='ocr_line' id='line_1_3' title="bbox 253 595 831 679; baseline -0.005 -19"><span class='ocrx_word' id='word_1_5' title='bbox 253 595 478 679; x_wconf 90' lang='lat' dir='ltr'><strong>Delibutus,</strong></span> <span class='ocrx_word' id='word_1_6' title='bbox 502 600 631 679; x_wconf 90' lang='lat' dir='ltr'><strong>unctus,</strong></span> <span class='ocrx_word' id='word_1_7' title='bbox 655 597 831 658; x_wconf 85' lang='lat' dir='ltr'><strong>contactus.</strong></span> 
     </span>
    </p>
   </div>
   <div class='ocr_carea' id='block_1_3' title="bbox 227 701 1400 964">
    <p class='ocr_par' dir='ltr' id='par_1_3' title="bbox 227 701 1400 964">
     <span class='ocr_line' id='line_1_4' title="bbox 254 701 1400 787; baseline 0.002 -21"><span class='ocrx_word' id='word_1_8' title='bbox 254 703 551 768; x_wconf 84' lang='lat' dir='ltr'><strong>Defunctoriunr</strong></span> <span class='ocrx_word' id='word_1_9' title='bbox 575 706 636 785; x_wconf 89' lang='lat' dir='ltr'><strong>est,</strong></span> <span class='ocrx_word' id='word_1_10' title='bbox 660 701 812 785; x_wconf 90' lang='lat' dir='ltr'><strong>quicquid</strong></span> <span class='ocrx_word' id='word_1_11' title='bbox 826 701 873 765; x_wconf 87' lang='lat' dir='ltr'><strong>ita</strong></span> <span class='ocrx_word' id='word_1_12' title='bbox 887 702 1005 767; x_wconf 91' lang='lat' dir='ltr'><strong>dicitur</strong></span> <span class='ocrx_word' id='word_1_13' title='bbox 1028 704 1080 767; x_wconf 91' lang='lat' dir='ltr'>uel</span> <span class='ocrx_word' id='word_1_14' title='bbox 1104 703 1155 787; x_wconf 88' lang='lat' dir='ltr'><strong>fit,</strong></span> <span class='ocrx_word' id='word_1_15' title='bbox 1179 709 1215 768; x_wconf 91' lang='lat' dir='ltr'><strong>ut</strong></span> <span class='ocrx_word' id='word_1_16' title='bbox 1238 703 1279 768; x_wconf 88' lang='lat' dir='ltr'><strong>ad</strong></span> <span class='ocrx_word' id='word_1_17' title='bbox 1302 703 1400 768; x_wconf 85' lang='lat' dir='ltr'><strong>finem</strong></span> 
     </span>
     <span class='ocr_line' id='line_1_5' title="bbox 298 790 1399 876; baseline 0 -20"><span class='ocrx_word' id='word_1_18' title='bbox 298 792 432 856; x_wconf 84' lang='lat' dir='ltr'><strong>alicuius</strong></span> <span class='ocrx_word' id='word_1_19' title='bbox 460 793 507 856; x_wconf 91' lang='lat' dir='ltr'><strong>rei</strong></span> <span class='ocrx_word' id='word_1_20' title='bbox 536 796 592 856; x_wconf 85' lang='lat' dir='ltr'><strong>aut</strong></span> <span class='ocrx_word' id='word_1_21' title='bbox 619 790 793 854; x_wconf 89' lang='lat' dir='ltr'><strong>terminum</strong></span> <span class='ocrx_word' id='word_1_22' title='bbox 827 793 958 873; x_wconf 89' lang='lat' dir='ltr'><strong>spectet.</strong></span> <span class='ocrx_word' id='word_1_23' title='bbox 1004 792 1163 876; x_wconf 83' lang='lat' dir='ltr'><strong>defungi</strong></span> <span class='ocrx_word' id='word_1_24' title='bbox 1191 792 1278 856; x_wconf 92' lang='lat' dir='ltr'><strong>enirn</strong></span> <span class='ocrx_word' id='word_1_25' title='bbox 1306 793 1399 856; x_wconf 87' lang='lat' dir='ltr'><strong>finire</strong></span> 
     </span>
     <span class='ocr_line' id='line_1_6' title="bbox 227 878 1047 964; baseline 0.002 -21"><span class='ocrx_word' id='word_1_26' title='bbox 227 906 239 943; x_wconf 86' lang='lat'>5</span> <span class='ocrx_word' id='word_1_27' title='bbox 298 881 473 964; x_wconf 86' lang='lat' dir='ltr'><strong>significat,</strong></span> <span class='ocrx_word' id='word_1_28' title='bbox 497 880 580 944; x_wconf 92' lang='lat' dir='ltr'><strong>unde</strong></span> <span class='ocrx_word' id='word_1_29' title='bbox 604 880 641 944; x_wconf 92' lang='lat' dir='ltr'><strong>de</strong></span> <span class='ocrx_word' id='word_1_30' title='bbox 665 878 879 943; x_wconf 88' lang='lat' dir='ltr'><strong>morientibus</strong></span> <span class='ocrx_word' id='word_1_31' title='bbox 904 880 1047 946; x_wconf 89' lang='lat' dir='ltr'><strong>dicimus.</strong></span> 
     </span>
    </p>
   </div>
   <div class='ocr_carea' id='block_1_4' title="bbox 133 985 1399 1251">
    <p class='ocr_par' dir='ltr' id='par_1_4' title="bbox 133 985 1399 1251">
     <span class='ocr_line' id='line_1_7' title="bbox 133 985 1399 1073; baseline 0.001 -22"><span class='ocrx_word' id='word_1_32' title='bbox 133 1066 137 1073; x_wconf 24' lang='grc' dir='ltr'>Ι</span> <span class='ocrx_word' id='word_1_33' title='bbox 252 988 479 1052; x_wconf 90' lang='lat' dir='ltr'>Delibutum</span> <span class='ocrx_word' id='word_1_34' title='bbox 517 985 651 1051; x_wconf 83' lang='lat' dir='ltr'><strong>dicimus</strong></span> <span class='ocrx_word' id='word_1_35' title='bbox 687 985 852 1050; x_wconf 90' lang='lat' dir='ltr'><strong>hominem</strong></span> <span class='ocrx_word' id='word_1_36' title='bbox 889 990 1021 1051; x_wconf 87' lang='lat' dir='ltr'>unctum</span> <span class='ocrx_word' id='word_1_37' title='bbox 1059 987 1146 1070; x_wconf 90' lang='lat' dir='ltr'><strong>oleo,</strong></span> <span class='ocrx_word' id='word_1_38' title='bbox 1182 991 1218 1051; x_wconf 91' lang='lat' dir='ltr'><strong>ut</strong></span> <span class='ocrx_word' id='word_1_39' title='bbox 1256 988 1399 1052; x_wconf 75' lang='lat' dir='ltr'>athletae</span> 
     </span>
     <span class='ocr_line' id='line_1_8' title="bbox 297 1074 1397 1159; baseline 0 -18"><span class='ocrx_word' id='word_1_40' title='bbox 297 1077 404 1141; x_wconf 90' lang='lat' dir='ltr'><strong>solent</strong></span> <span class='ocrx_word' id='word_1_41' title='bbox 418 1077 469 1140; x_wconf 91' lang='lat' dir='ltr'>uel</span> <span class='ocrx_word' id='word_1_42' title='bbox 488 1076 522 1138; x_wconf 91' lang='lat' dir='ltr'><strong>in</strong></span> <span class='ocrx_word' id='word_1_43' title='bbox 541 1078 702 1140; x_wconf 77' lang='lat' dir='ltr'>ceromate</span> <span class='ocrx_word' id='word_1_44' title='bbox 716 1074 807 1159; x_wconf 90' lang='lat' dir='ltr'><strong>pueri</strong></span> <span class='ocrx_word' id='word_1_45' title='bbox 822 1077 971 1140; x_wconf 84' lang='lat' dir='ltr'>exerceri.</span> <span class='ocrx_word' id='word_1_46' title='bbox 1004 1076 1138 1140; x_wconf 84' lang='lat' dir='ltr'><strong>dicimus</strong></span> <span class='ocrx_word' id='word_1_47' title='bbox 1154 1079 1186 1140; x_wconf 90' lang='lat' dir='ltr'>et</span> <span class='ocrx_word' id='word_1_48' title='bbox 1206 1075 1397 1141; x_wconf 79' lang='lat' dir='ltr'><strong>‘delibutum</strong></span> 
     </span>
     <span class='ocr_line' id='line_1_9' title="bbox 296 1163 991 1251; baseline -0.003 -21"><span class='ocrx_word' id='word_1_49' title='bbox 296 1164 435 1251; x_wconf 86' lang='lat' dir='ltr'><strong>gaudio’,</strong></span> <span class='ocrx_word' id='word_1_50' title='bbox 458 1164 491 1227; x_wconf 91' lang='lat' dir='ltr'><strong>id</strong></span> <span class='ocrx_word' id='word_1_51' title='bbox 515 1169 564 1228; x_wconf 90' lang='lat' dir='ltr'><strong>est</strong></span> <span class='ocrx_word' id='word_1_52' title='bbox 587 1163 753 1248; x_wconf 87' lang='lat' dir='ltr'><strong>perfusum</strong></span> <span class='ocrx_word' id='word_1_53' title='bbox 775 1165 827 1228; x_wconf 88' lang='lat' dir='ltr'>uel</span> <span class='ocrx_word' id='word_1_54' title='bbox 849 1165 991 1247; x_wconf 89' lang='lat' dir='ltr'>plenum.</span> 
     </span>
    </p>
   </div>
   <div class='ocr_carea' id='block_1_5' title="bbox 213 1270 1396 1442">
    <p class='ocr_par' dir='ltr' id='par_1_5' title="bbox 213 1270 1396 1442">
     <span class='ocr_line' id='line_1_10' title="bbox 251 1270 1396 1356; baseline 0.002 -21"><span class='ocrx_word' id='word_1_55' title='bbox 251 1271 398 1355; x_wconf 90' lang='lat' dir='ltr'><strong>Dumis,</strong></span> <span class='ocrx_word' id='word_1_56' title='bbox 435 1271 606 1336; x_wconf 81' lang='lat' dir='ltr'>arboribus</span> <span class='ocrx_word' id='word_1_57' title='bbox 643 1271 696 1334; x_wconf 93' lang='lat' dir='ltr'>uel</span> <span class='ocrx_word' id='word_1_58' title='bbox 728 1270 829 1335; x_wconf 89' lang='lat' dir='ltr'><strong>siluis.</strong></span> <span class='ocrx_word' id='word_1_59' title='bbox 865 1271 1054 1356; x_wconf 89' lang='lat' dir='ltr'>plerumque</span> <span class='ocrx_word' id='word_1_60' title='bbox 1091 1294 1151 1355; x_wconf 91' lang='lat' dir='ltr'>pro</span> <span class='ocrx_word' id='word_1_61' title='bbox 1189 1273 1330 1355; x_wconf 82' lang='lat' dir='ltr'><strong>spinosis</strong></span> <span class='ocrx_word' id='word_1_62' title='bbox 1364 1277 1396 1337; x_wconf 90' lang='lat' dir='ltr'><strong>et</strong></span> 
     </span>
     <span class='ocr_line' id='line_1_11' title="bbox 213 1361 607 1442; baseline 0.005 -20"><span class='ocrx_word' id='word_1_63' title='bbox 213 1385 238 1422; x_wconf 80' lang='grc' dir='ltr'><strong>ιο</strong></span> <span class='ocrx_word' id='word_1_64' title='bbox 298 1361 442 1425; x_wconf 84' lang='lat' dir='ltr'><strong>obscuris</strong></span> <span class='ocrx_word' id='word_1_65' title='bbox 466 1361 607 1442; x_wconf 90' lang='lat' dir='ltr'><strong>ponitur.</strong></span> 
     </span>
    </p>
   </div>
   <div class='ocr_carea' id='block_1_6' title="bbox 251 1467 1396 1728">
    <p class='ocr_par' dir='ltr' id='par_1_6' title="bbox 251 1467 1396 1728">
     <span class='ocr_line' id='line_1_12' title="bbox 252 1467 1396 1552; baseline 0.001 -22"><span class='ocrx_word' id='word_1_66' title='bbox 252 1467 462 1550; x_wconf 83' lang='lat' dir='ltr'><strong>Decrepiti,</strong></span> <span class='ocrx_word' id='word_1_67' title='bbox 494 1488 559 1530; x_wconf 91' lang='lat' dir='ltr'><strong>non</strong></span> <span class='ocrx_word' id='word_1_68' title='bbox 587 1467 642 1550; x_wconf 91' lang='lat' dir='ltr'><strong>qui</strong></span> <span class='ocrx_word' id='word_1_69' title='bbox 670 1490 690 1530; x_wconf 89' lang='lat' dir='ltr'>a</span> <span class='ocrx_word' id='word_1_70' title='bbox 717 1471 881 1531; x_wconf 87' lang='lat' dir='ltr'>senectute</span> <span class='ocrx_word' id='word_1_71' title='bbox 909 1467 1015 1530; x_wconf 89' lang='lat' dir='ltr'><strong>auulsi</strong></span> <span class='ocrx_word' id='word_1_72' title='bbox 1044 1472 1131 1551; x_wconf 87' lang='lat' dir='ltr'><strong>sunt,</strong></span> <span class='ocrx_word' id='word_1_73' title='bbox 1160 1469 1215 1532; x_wconf 91' lang='lat' dir='ltr'><strong>sed</strong></span> <span class='ocrx_word' id='word_1_74' title='bbox 1245 1468 1300 1552; x_wconf 90' lang='lat' dir='ltr'><strong>qui</strong></span> <span class='ocrx_word' id='word_1_75' title='bbox 1329 1469 1396 1532; x_wconf 87' lang='lat' dir='ltr'><strong>iam</strong></span> 
     </span>
     <span class='ocr_line' id='line_1_13' title="bbox 297 1555 1096 1640; baseline 0.001 -20"><span class='ocrx_word' id='word_1_76' title='bbox 297 1577 426 1639; x_wconf 85' lang='lat' dir='ltr'>crepare</span> <span class='ocrx_word' id='word_1_77' title='bbox 451 1555 618 1638; x_wconf 86' lang='lat' dir='ltr'><strong>desierint,</strong></span> <span class='ocrx_word' id='word_1_78' title='bbox 647 1555 680 1619; x_wconf 92' lang='lat' dir='ltr'><strong>id</strong></span> <span class='ocrx_word' id='word_1_79' title='bbox 703 1559 753 1620; x_wconf 89' lang='lat' dir='ltr'><strong>est</strong></span> <span class='ocrx_word' id='word_1_80' title='bbox 775 1556 866 1640; x_wconf 90' lang='lat' dir='ltr'><strong>loqui</strong></span> <span class='ocrx_word' id='word_1_81' title='bbox 889 1556 1096 1621; x_wconf 88' lang='lat' dir='ltr'><strong>cessauerint.</strong></span> 
     </span>
     <span class='ocr_line' id='line_1_14' title="bbox 251 1644 889 1728; baseline 0.003 -20"><span class='ocrx_word' id='word_1_82' title='bbox 251 1644 420 1708; x_wconf 90' lang='lat' dir='ltr'><strong>Dubium</strong></span> <span class='ocrx_word' id='word_1_83' title='bbox 444 1644 547 1728; x_wconf 90' lang='lat' dir='ltr'><strong>quid,</strong></span> <span class='ocrx_word' id='word_1_84' title='bbox 570 1645 725 1728; x_wconf 88' lang='lat' dir='ltr'><strong>numquid</strong></span> <span class='ocrx_word' id='word_1_85' title='bbox 749 1644 889 1710; x_wconf 89' lang='lat' dir='ltr'><strong>dubium.</strong></span> 
     </span>
    </p>
   </div>
   <div class='ocr_carea' id='block_1_7' title="bbox 211 1751 1394 2368">
    <p class='ocr_par' dir='ltr' id='par_1_7' title="bbox 211 1751 1394 1995">
     <span class='ocr_line' id='line_1_15' title="bbox 251 1751 1394 1836; baseline -0.001 -21"><span class='ocrx_word' id='word_1_86' title='bbox 251 1751 555 1834; x_wconf 88' lang='lat' dir='ltr'>Dryocolaptes,</span> <span class='ocrx_word' id='word_1_87' title='bbox 583 1752 669 1835; x_wconf 88' lang='lat' dir='ltr'><strong>auis,</strong></span> <span class='ocrx_word' id='word_1_88' title='bbox 698 1774 779 1836; x_wconf 90' lang='lat' dir='ltr'>quae</span> <span class='ocrx_word' id='word_1_89' title='bbox 806 1752 841 1816; x_wconf 93' lang='lat' dir='ltr'><strong>in</strong></span> <span class='ocrx_word' id='word_1_90' title='bbox 870 1751 976 1834; x_wconf 88' lang='lat' dir='ltr'><strong>capite</strong></span> <span class='ocrx_word' id='word_1_91' title='bbox 1004 1773 1062 1815; x_wconf 91' lang='lat' dir='ltr'><strong>suo</strong></span> <span class='ocrx_word' id='word_1_92' title='bbox 1091 1753 1125 1816; x_wconf 92' lang='lat' dir='ltr'><strong>in</strong></span> <span class='ocrx_word' id='word_1_93' title='bbox 1153 1752 1283 1816; x_wconf 86' lang='lat' dir='ltr'><strong>modurn</strong></span> <span class='ocrx_word' id='word_1_94' title='bbox 1312 1753 1394 1836; x_wconf 79' lang='lat' dir='ltr'>galli</span> 
     </span>
     <span class='ocr_line' id='line_1_16' title="bbox 211 1840 1394 1925; baseline 0.001 -23"><span class='ocrx_word' id='word_1_95' title='bbox 211 1863 236 1902; x_wconf 88' lang='lat'><strong>15</strong></span> <span class='ocrx_word' id='word_1_96' title='bbox 296 1841 428 1905; x_wconf 87' lang='lat' dir='ltr'><strong>cristam</strong></span> <span class='ocrx_word' id='word_1_97' title='bbox 450 1840 564 1923; x_wconf 86' lang='lat' dir='ltr'>habet,</span> <span class='ocrx_word' id='word_1_98' title='bbox 593 1863 675 1925; x_wconf 91' lang='lat' dir='ltr'>quae</span> <span class='ocrx_word' id='word_1_99' title='bbox 703 1863 758 1905; x_wconf 91' lang='lat' dir='ltr'><strong>ore</strong></span> <span class='ocrx_word' id='word_1_100' title='bbox 786 1864 843 1905; x_wconf 90' lang='lat' dir='ltr'><strong>suo</strong></span> <span class='ocrx_word' id='word_1_101' title='bbox 869 1840 1017 1908; x_wconf 82' lang='lat' dir='ltr'>arborem</span> <span class='ocrx_word' id='word_1_102' title='bbox 1039 1840 1164 1905; x_wconf 86' lang='lat' dir='ltr'><strong>fodiens</strong></span> <span class='ocrx_word' id='word_1_103' title='bbox 1187 1840 1308 1905; x_wconf 88' lang='lat' dir='ltr'><strong>ibidem</strong></span> <span class='ocrx_word' id='word_1_104' title='bbox 1332 1841 1394 1904; x_wconf 92' lang='lat' dir='ltr'><strong>sibi</strong></span> 
     </span>
     <span class='ocr_line' id='line_1_17' title="bbox 296 1929 1325 1995; baseline 0.003 -3"><span class='ocrx_word' id='word_1_105' title='bbox 296 1929 409 1994; x_wconf 91' lang='lat' dir='ltr'><strong>nidum</strong></span> <span class='ocrx_word' id='word_1_106' title='bbox 431 1929 520 1995; x_wconf 87' lang='lat' dir='ltr'><strong>facit.</strong></span> <span class='ocrx_word' id='word_1_107' title='bbox 1016 1937 1018 1941; x_wconf 78' lang='grc'><strong>’</strong></span> <span class='ocrx_word' id='word_1_108' title='bbox 1319 1936 1325 1946; x_wconf 83' lang='grc'><em>’</em></span> 
     </span>
    </p>

    <p class='ocr_par' dir='ltr' id='par_1_8' title="bbox 211 2018 850 2368">
     <span class='ocr_line' id='line_1_18' title="bbox 250 2018 811 2102; baseline -0.002 -19"><span class='ocrx_word' id='word_1_109' title='bbox 250 2018 426 2100; x_wconf 89' lang='lat' dir='ltr'><strong>Diplosa,</strong></span> <span class='ocrx_word' id='word_1_110' title='bbox 450 2018 554 2083; x_wconf 92' lang='lat' dir='ltr'><strong>diuisa</strong></span> <span class='ocrx_word' id='word_1_111' title='bbox 577 2019 627 2082; x_wconf 90' lang='lat' dir='ltr'>uel</span> <span class='ocrx_word' id='word_1_112' title='bbox 652 2021 811 2102; x_wconf 85' lang='lat' dir='ltr'>separata.</span> 
     </span>
     <span class='ocr_line' id='line_1_19' title="bbox 250 2106 711 2189; baseline 0 -19"><span class='ocrx_word' id='word_1_113' title='bbox 250 2107 359 2189; x_wconf 90' lang='lat' dir='ltr'><strong>Duit,</strong></span> <span class='ocrx_word' id='word_1_114' title='bbox 382 2106 478 2170; x_wconf 86' lang='lat' dir='ltr'><strong>dedit.</strong></span> <span class='ocrx_word' id='word_1_115' title='bbox 706 2161 711 2170; x_wconf 92' lang='lat'><em>.</em></span> 
     </span>
     <span class='ocr_line' id='line_1_20' title="bbox 251 2194 850 2278; baseline 0.002 -20"><span class='ocrx_word' id='word_1_116' title='bbox 251 2195 458 2278; x_wconf 89' lang='lat' dir='ltr'><strong>Deciditis,</strong></span> <span class='ocrx_word' id='word_1_117' title='bbox 482 2194 598 2260; x_wconf 90' lang='lat' dir='ltr'><strong>caditis</strong></span> <span class='ocrx_word' id='word_1_118' title='bbox 622 2196 673 2259; x_wconf 90' lang='lat' dir='ltr'>uel</span> <span class='ocrx_word' id='word_1_119' title='bbox 697 2195 850 2260; x_wconf 88' lang='lat' dir='ltr'><strong>inciditis.</strong></span> 
     </span>
     <span class='ocr_line' id='line_1_21' title="bbox 211 2283 817 2368; baseline 0.003 -22"><span class='ocrx_word' id='word_1_120' title='bbox 211 2283 459 2367; x_wconf 80' lang='lat' dir='ltr'>eoDatantur,</span> <span class='ocrx_word' id='word_1_121' title='bbox 482 2285 668 2368; x_wconf 87' lang='lat' dir='ltr'>frequenter</span> <span class='ocrx_word' id='word_1_122' title='bbox 691 2285 817 2348; x_wconf 88' lang='lat' dir='ltr'><strong>dantur.</strong></span> 
     </span>
    </p>
   </div>
   <div class='ocr_carea' id='block_1_8' title="bbox 248 2563 1398 2992">
    <p class='ocr_par' dir='ltr' id='par_1_9' title="bbox 248 2563 1398 2992">
     <span class='ocr_line' id='line_1_22' title="bbox 321 2563 1397 2636; baseline 0 -16"><span class='ocrx_word' id='word_1_123' title='bbox 321 2566 502 2621; x_wconf 83' lang='lat' dir='ltr'><strong>2Delibatus</strong></span> <span class='ocrx_word' id='word_1_124' title='bbox 521 2566 547 2620; x_wconf 75' lang='lat' dir='ltr'><em>G</em></span> <span class='ocrx_word' id='word_1_125' title='bbox 632 2566 801 2636; x_wconf 87' lang='lat' dir='ltr'><strong>3quicquid</strong></span> <span class='ocrx_word' id='word_1_126' title='bbox 820 2567 857 2622; x_wconf 78' lang='lat' dir='ltr'><strong>G:</strong></span> <span class='ocrx_word' id='word_1_127' title='bbox 877 2567 952 2636; x_wconf 89' lang='lat' dir='ltr'><strong>quod</strong></span> <span class='ocrx_word' id='word_1_128' title='bbox 968 2568 996 2619; x_wconf 92' lang='lat' dir='ltr'><strong><em>P</em></strong></span> <span class='ocrx_word' id='word_1_129' title='bbox 1080 2567 1189 2622; x_wconf 79' lang='lat' dir='ltr'><strong>tunde</strong></span> <span class='ocrx_word' id='word_1_130' title='bbox 1208 2567 1242 2622; x_wconf 92' lang='lat' dir='ltr'><strong>de</strong></span> <span class='ocrx_word' id='word_1_131' title='bbox 1261 2563 1300 2621; x_wconf 85' lang='lat' dir='ltr'><strong>R:</strong></span> <span class='ocrx_word' id='word_1_132' title='bbox 1324 2566 1397 2620; x_wconf 89' lang='lat' dir='ltr'><strong>unde</strong></span> 
     </span>
     <span class='ocr_line' id='line_1_23' title="bbox 249 2635 1396 2706; baseline 0.002 -16"><span class='ocrx_word' id='word_1_133' title='bbox 249 2635 304 2704; x_wconf 83' lang='lat' dir='ltr'><strong>Hc,</strong></span> <span class='ocrx_word' id='word_1_134' title='bbox 323 2640 356 2693; x_wconf 93' lang='lat' dir='ltr'><strong>ut</strong></span> <span class='ocrx_word' id='word_1_135' title='bbox 374 2639 408 2692; x_wconf 87' lang='lat' dir='ltr'><strong>de</strong></span> <span class='ocrx_word' id='word_1_136' title='bbox 427 2639 488 2692; x_wconf 85' lang='lat' dir='ltr'><strong>bom</strong></span> <span class='ocrx_word' id='word_1_137' title='bbox 592 2644 606 2692; x_wconf 79' lang='lat'>7</span> <span class='ocrx_word' id='word_1_138' title='bbox 626 2638 656 2691; x_wconf 91' lang='lat' dir='ltr'><strong>in</strong></span> <span class='ocrx_word' id='word_1_139' title='bbox 674 2642 813 2692; x_wconf 88' lang='lat' dir='ltr'>ceromate</span> <span class='ocrx_word' id='word_1_140' title='bbox 832 2639 873 2692; x_wconf 73' lang='lat'><strong>11:</strong></span> <span class='ocrx_word' id='word_1_141' title='bbox 896 2640 1082 2693; x_wconf 85' lang='lat' dir='ltr'><strong>incereumatc</strong></span> <span class='ocrx_word' id='word_1_142' title='bbox 1103 2638 1169 2706; x_wconf 81' lang='lat' dir='ltr'><strong>GH,</strong></span> <span class='ocrx_word' id='word_1_143' title='bbox 1188 2638 1217 2692; x_wconf 93' lang='lat' dir='ltr'><strong>in</strong></span> <span class='ocrx_word' id='word_1_144' title='bbox 1236 2639 1396 2693; x_wconf 85' lang='lat' dir='ltr'>cheromete</span> 
     </span>
     <span class='ocr_line' id='line_1_24' title="bbox 248 2708 1397 2779; baseline 0 -18"><span class='ocrx_word' id='word_1_145' title='bbox 248 2726 263 2761; x_wconf 89' lang='lat' dir='ltr'>o</span> <span class='ocrx_word' id='word_1_146' title='bbox 280 2708 284 2779; x_wconf 80' lang='grc' dir='ltr'>Ι</span> <span class='ocrx_word' id='word_1_147' title='bbox 301 2709 379 2778; x_wconf 89' lang='lat' dir='ltr'><strong>pueri</strong></span> <span class='ocrx_word' id='word_1_148' title='bbox 398 2709 467 2762; x_wconf 81' lang='lat' dir='ltr'><strong>HG:</strong></span> <span class='ocrx_word' id='word_1_149' title='bbox 486 2709 579 2778; x_wconf 88' lang='lat' dir='ltr'><strong>pueris</strong></span> <span class='ocrx_word' id='word_1_150' title='bbox 599 2709 667 2777; x_wconf 70' lang='lat'><strong>0111</strong></span> <span class='ocrx_word' id='word_1_151' title='bbox 685 2710 804 2764; x_wconf 84' lang='lat' dir='ltr'>exerceri</span> <span class='ocrx_word' id='word_1_152' title='bbox 825 2709 906 2763; x_wconf 78' lang='lat' dir='ltr'><strong>GRc:</strong></span> <span class='ocrx_word' id='word_1_153' title='bbox 926 2727 1052 2764; x_wconf 84' lang='lat' dir='ltr'>exercere</span> <span class='ocrx_word' id='word_1_154' title='bbox 1072 2711 1140 2763; x_wconf 82' lang='lat' dir='ltr'><strong>Hbc</strong></span> <span class='ocrx_word' id='word_1_155' title='bbox 1217 2715 1232 2762; x_wconf 82' lang='grc'><strong>9</strong></span> <span class='ocrx_word' id='word_1_156' title='bbox 1252 2708 1397 2763; x_wconf 83' lang='lat' dir='ltr'>arboribus</span> 
     </span>
     <span class='ocr_line' id='line_1_25' title="bbox 249 2780 1395 2850; baseline 0.001 -18"><span class='ocrx_word' id='word_1_157' title='bbox 249 2780 318 2833; x_wconf 82' lang='lat' dir='ltr'><strong>HG:</strong></span> <span class='ocrx_word' id='word_1_158' title='bbox 342 2798 392 2850; x_wconf 90' lang='lat' dir='ltr'>pro</span> <span class='ocrx_word' id='word_1_159' title='bbox 416 2781 562 2835; x_wconf 89' lang='lat' dir='ltr'>arboribus</span> <span class='ocrx_word' id='word_1_160' title='bbox 585 2781 612 2834; x_wconf 72' lang='lat'><strong>11</strong></span> <span class='ocrx_word' id='word_1_161' title='bbox 628 2785 632 2848; x_wconf 75' lang='lat' dir='ltr'>l</span> <span class='ocrx_word' id='word_1_162' title='bbox 648 2798 699 2850; x_wconf 92' lang='lat' dir='ltr'>pro</span> <span class='ocrx_word' id='word_1_163' title='bbox 723 2781 841 2850; x_wconf 85' lang='lat' dir='ltr'><strong>spinosis</strong></span> <span class='ocrx_word' id='word_1_164' title='bbox 859 2781 897 2835; x_wconf 78' lang='lat' dir='ltr'><strong>G:</strong></span> <span class='ocrx_word' id='word_1_165' title='bbox 921 2781 1039 2850; x_wconf 85' lang='lat' dir='ltr'><strong>spinosis</strong></span> <span class='ocrx_word' id='word_1_166' title='bbox 1066 2783 1094 2833; x_wconf 90' lang='lat' dir='ltr'><em>P</em></span> <span class='ocrx_word' id='word_1_167' title='bbox 1221 2787 1251 2834; x_wconf 90' lang='grc'><strong>13</strong></span> <span class='ocrx_word' id='word_1_168' title='bbox 1272 2780 1339 2849; x_wconf 93' lang='lat' dir='ltr'><strong>quid</strong></span> <span class='ocrx_word' id='word_1_169' title='bbox 1359 2780 1395 2833; x_wconf 79' lang='lat'><strong>0:</strong></span> 
     </span>
     <span class='ocr_line' id='line_1_26' title="bbox 249 2851 1398 2922; baseline 0 -18"><span class='ocrx_word' id='word_1_170' title='bbox 249 2851 327 2920; x_wconf 92' lang='lat' dir='ltr'><strong>quim</strong></span> <span class='ocrx_word' id='word_1_171' title='bbox 346 2852 388 2916; x_wconf 84' lang='grc' dir='ltr'><strong>Η,</strong></span> <span class='ocrx_word' id='word_1_172' title='bbox 408 2852 476 2922; x_wconf 90' lang='lat' dir='ltr'><strong>quin</strong></span> <span class='ocrx_word' id='word_1_173' title='bbox 499 2852 554 2906; x_wconf 77' lang='lat' dir='ltr'><strong>Rc</strong></span> <span class='ocrx_word' id='word_1_174' title='bbox 668 2859 701 2906; x_wconf 99' lang='lat'><strong>14</strong></span> <span class='ocrx_word' id='word_1_175' title='bbox 720 2853 922 2922; x_wconf 83' lang='lat' dir='ltr'>Dryocolaptes</span> <span class='ocrx_word' id='word_1_176' title='bbox 942 2852 981 2906; x_wconf 85' lang='lat' dir='ltr'><strong>R:</strong></span> <span class='ocrx_word' id='word_1_177' title='bbox 1001 2851 1196 2922; x_wconf 88' lang='lat' dir='ltr'><strong>Driocolaptes</strong></span> <span class='ocrx_word' id='word_1_178' title='bbox 1215 2852 1259 2918; x_wconf 88' lang='lat' dir='ltr'><strong>H,</strong></span> <span class='ocrx_word' id='word_1_179' title='bbox 1286 2853 1398 2906; x_wconf 90' lang='lat' dir='ltr'>Dricca·</span> 
     </span>
     <span class='ocr_line' id='line_1_27' title="bbox 248 2923 1395 2992; baseline -0.001 -17"><span class='ocrx_word' id='word_1_180' title='bbox 248 2923 339 2992; x_wconf 85' lang='lat' dir='ltr'><strong>laptes</strong></span> <span class='ocrx_word' id='word_1_181' title='bbox 363 2924 392 2980; x_wconf 78' lang='lat'><strong>0.</strong></span> <span class='ocrx_word' id='word_1_182' title='bbox 418 2923 478 2978; x_wconf 85' lang='lat' dir='ltr'><strong>Vct.</strong></span> <span class='ocrx_word' id='word_1_183' title='bbox 504 2930 581 2980; x_wconf 81' lang='lat'>1552.</span> <span class='ocrx_word' id='word_1_184' title='bbox 690 2924 866 2978; x_wconf 73' lang='lat' dir='ltr'><strong>renuite:</strong></span> <span class='ocrx_word' id='word_1_185' title='bbox 893 2923 1003 2978; x_wconf 89' lang='lat' dir='ltr'><strong>Diuidit</strong></span> <span class='ocrx_word' id='word_1_186' title='bbox 1023 2925 1051 2977; x_wconf 89' lang='lat' dir='ltr'><strong><em>P</em></strong></span> <span class='ocrx_word' id='word_1_187' title='bbox 1159 2930 1193 2978; x_wconf 77' lang='lat'><strong>20</strong></span> <span class='ocrx_word' id='word_1_188' title='bbox 1212 2923 1353 2977; x_wconf 78' lang='lat' dir='ltr'>Debentur</span> <span class='ocrx_word' id='word_1_189' title='bbox 1371 2927 1395 2975; x_wconf 82' lang='lat' dir='ltr'><strong>et</strong></span> 
     </span>
    </p>
   </div>
   <div class='ocr_carea' id='block_1_9' title="bbox 139 2994 671 3049">
    <p class='ocr_par' dir='ltr' id='par_1_10' title="bbox 139 2994 671 3049">
     <span class='ocr_line' id='line_1_28' title="bbox 139 2994 671 3049; baseline 0.006 -3"><span class='ocrx_word' id='word_1_190' title='bbox 139 3001 141 3007; x_wconf 91' lang='lat'>&#39;</span> <span class='ocrx_word' id='word_1_191' title='bbox 248 2994 382 3049; x_wconf 83' lang='lat' dir='ltr'><strong>Ditantur</strong></span> <span class='ocrx_word' id='word_1_192' title='bbox 401 2995 439 3048; x_wconf 85' lang='lat' dir='ltr'><strong>G:</strong></span> <span class='ocrx_word' id='word_1_193' title='bbox 458 2995 623 3049; x_wconf 84' lang='lat' dir='ltr'><strong>Dandantur</strong></span> <span class='ocrx_word' id='word_1_194' title='bbox 643 2995 671 3048; x_wconf 92' lang='lat' dir='ltr'><em>P</em></span> 
     </span>
    </p>
   </div>
   <div class='ocr_carea' id='block_1_10' title="bbox 241 3135 1397 4558">
    <p class='ocr_par' dir='ltr' id='par_1_11' title="bbox 241 3135 1397 4558">
     <span class='ocr_line' id='line_1_29' title="bbox 321 3135 1395 3208; baseline -0.002 -18"><span class='ocrx_word' id='word_1_195' title='bbox 321 3144 334 3190; x_wconf 93' lang='lat'>1</span> <span class='ocrx_word' id='word_1_196' title='bbox 355 3136 461 3208; x_wconf 88' lang='lat' dir='ltr'><strong>deiero]</strong></span> <span class='ocrx_word' id='word_1_197' title='bbox 487 3137 582 3191; x_wconf 82' lang='lat' dir='ltr'>Plaut.</span> <span class='ocrx_word' id='word_1_198' title='bbox 608 3137 684 3190; x_wconf 82' lang='lat' dir='ltr'>Mea.</span> <span class='ocrx_word' id='word_1_199' title='bbox 704 3143 800 3205; x_wconf 80' lang='lat'><strong>5‚2,63.</strong></span> <span class='ocrx_word' id='word_1_200' title='bbox 819 3143 865 3192; x_wconf 82' lang='lat' dir='ltr'><strong>etc.</strong></span> <span class='ocrx_word' id='word_1_201' title='bbox 886 3137 989 3191; x_wconf 75' lang='lat' dir='ltr'>Donat.</span> <span class='ocrx_word' id='word_1_202' title='bbox 1016 3138 1081 3191; x_wconf 86' lang='lat' dir='ltr'>Hec.</span> <span class='ocrx_word' id='word_1_203' title='bbox 1105 3142 1183 3205; x_wconf 80' lang='lat'><strong>5‚2,5.</strong></span> <span class='ocrx_word' id='word_1_204' title='bbox 1221 3135 1251 3190; x_wconf 83' lang='lat' dir='ltr'><strong>Si</strong></span> <span class='ocrx_word' id='word_1_205' title='bbox 1270 3137 1395 3204; x_wconf 88' lang='lat' dir='ltr'>correpte</span> 
     </span>
     <span class='ocr_line' id='line_1_30' title="bbox 250 3206 1393 3277; baseline -0.002 -17"><span class='ocrx_word' id='word_1_206' title='bbox 250 3207 378 3261; x_wconf 85' lang='lat' dir='ltr'><strong>‘deierat’</strong></span> <span class='ocrx_word' id='word_1_207' title='bbox 406 3208 483 3262; x_wconf 85' lang='lat' dir='ltr'><strong>‘deos</strong></span> <span class='ocrx_word' id='word_1_208' title='bbox 506 3207 602 3274; x_wconf 85' lang='lat' dir='ltr'>iurat’‚</span> <span class='ocrx_word' id='word_1_209' title='bbox 627 3207 650 3260; x_wconf 87' lang='lat' dir='ltr'><strong>si</strong></span> <span class='ocrx_word' id='word_1_210' title='bbox 673 3208 807 3277; x_wconf 87' lang='lat' dir='ltr'><strong>producte</strong></span> <span class='ocrx_word' id='word_1_211' title='bbox 832 3209 926 3262; x_wconf 86' lang='lat' dir='ltr'>‘ualde</span> <span class='ocrx_word' id='word_1_212' title='bbox 945 3209 1041 3263; x_wconf 86' lang='lat' dir='ltr'><strong>iuret&#39;.</strong></span> <span class='ocrx_word' id='word_1_213' title='bbox 1149 3214 1164 3260; x_wconf 75' lang='lat'><strong>2</strong></span> <span class='ocrx_word' id='word_1_214' title='bbox 1185 3206 1338 3275; x_wconf 86' lang='lat' dir='ltr'><strong>delibutus]</strong></span> <span class='ocrx_word' id='word_1_215' title='bbox 1358 3207 1393 3271; x_wconf 77' lang='lat' dir='ltr'><strong>cf.</strong></span> 
     </span>
     <span class='ocr_line' id='line_1_31' title="bbox 248 3278 1396 3347; baseline -0.003 -15"><span class='ocrx_word' id='word_1_216' title='bbox 248 3294 333 3332; x_wconf 88' lang='lat' dir='ltr'><strong>coeno</strong></span> <span class='ocrx_word' id='word_1_217' title='bbox 352 3279 494 3332; x_wconf 84' lang='lat' dir='ltr'><strong>delibutus</strong></span> <span class='ocrx_word' id='word_1_218' title='bbox 508 3296 553 3347; x_wconf 85' lang='lat' dir='ltr'><strong>op.</strong></span> <span class='ocrx_word' id='word_1_219' title='bbox 571 3279 665 3333; x_wconf 81' lang='lat' dir='ltr'>Plaot.</span> <span class='ocrx_word' id='word_1_220' title='bbox 683 3279 765 3332; x_wconf 80' lang='lat' dir='ltr'>Poea.</span> <span class='ocrx_word' id='word_1_221' title='bbox 784 3285 878 3344; x_wconf 78' lang='lat'><strong>1‚2,55.</strong></span> <span class='ocrx_word' id='word_1_222' title='bbox 952 3287 968 3335; x_wconf 82' lang='lat'><strong>6</strong></span> <span class='ocrx_word' id='word_1_223' title='bbox 986 3278 1154 3347; x_wconf 87' lang='lat' dir='ltr'><strong>delibutum]</strong></span> <span class='ocrx_word' id='word_1_224' title='bbox 1171 3303 1204 3322; x_wconf 90' lang='lat'>=</span> <span class='ocrx_word' id='word_1_225' title='bbox 1220 3278 1292 3332; x_wconf 80' lang='lat' dir='ltr'><strong>Isid.</strong></span> <span class='ocrx_word' id='word_1_226' title='bbox 1310 3281 1396 3340; x_wconf 77' lang='lat'><strong>10,70.</strong></span> 
     </span>
     <span class='ocr_line' id='line_1_32' title="bbox 247 3346 1396 3418; baseline -0.003 -17"><span class='ocrx_word' id='word_1_227' title='bbox 247 3349 351 3402; x_wconf 76' lang='lat' dir='ltr'>Donat.</span> <span class='ocrx_word' id='word_1_228' title='bbox 378 3349 488 3403; x_wconf 82' lang='lat' dir='ltr'>Pborm.</span> <span class='ocrx_word' id='word_1_229' title='bbox 514 3355 609 3416; x_wconf 80' lang='lat'><strong>5,6‚16.</strong></span> <span class='ocrx_word' id='word_1_230' title='bbox 649 3349 690 3403; x_wconf 80' lang='lat' dir='ltr'><strong>‘Si</strong></span> <span class='ocrx_word' id='word_1_231' title='bbox 712 3352 741 3402; x_wconf 87' lang='lat' dir='ltr'>te</span> <span class='ocrx_word' id='word_1_232' title='bbox 765 3349 921 3403; x_wconf 84' lang='lat' dir='ltr'><strong>delibutum</strong></span> <span class='ocrx_word' id='word_1_233' title='bbox 945 3349 1048 3418; x_wconf 84' lang='lat' dir='ltr'><strong>gaudio</strong></span> <span class='ocrx_word' id='word_1_234' title='bbox 1073 3348 1188 3402; x_wconf 77' lang='lat' dir='ltr'>redd01’</span> <span class='ocrx_word' id='word_1_235' title='bbox 1216 3347 1252 3400; x_wconf 87' lang='lat' dir='ltr'><strong>ed</strong></span> <span class='ocrx_word' id='word_1_236' title='bbox 1271 3346 1396 3401; x_wconf 79' lang='lat' dir='ltr'><strong>animum</strong></span> 
     </span>
     <span class='ocr_line' id='line_1_33' title="bbox 247 3416 1395 3489; baseline -0.003 -17"><span class='ocrx_word' id='word_1_237' title='bbox 247 3420 401 3486; x_wconf 83' lang='lat' dir='ltr'>transtulit,</span> <span class='ocrx_word' id='word_1_238' title='bbox 420 3419 496 3489; x_wconf 88' lang='lat' dir='ltr'><strong>quod</strong></span> <span class='ocrx_word' id='word_1_239' title='bbox 514 3424 558 3473; x_wconf 90' lang='lat' dir='ltr'><strong>est</strong></span> <span class='ocrx_word' id='word_1_240' title='bbox 573 3419 703 3489; x_wconf 87' lang='lat' dir='ltr'><strong>corporis.</strong></span> <span class='ocrx_word' id='word_1_241' title='bbox 723 3437 787 3473; x_wconf 85' lang='lat' dir='ltr'><strong>nam</strong></span> <span class='ocrx_word' id='word_1_242' title='bbox 802 3420 942 3475; x_wconf 88' lang='lat' dir='ltr'><strong>delibutus</strong></span> <span class='ocrx_word' id='word_1_243' title='bbox 956 3422 1055 3474; x_wconf 88' lang='lat' dir='ltr'><strong>unctus</strong></span> <span class='ocrx_word' id='word_1_244' title='bbox 1074 3419 1184 3472; x_wconf 86' lang='lat' dir='ltr'><strong>dicitur.</strong></span> <span class='ocrx_word' id='word_1_245' title='bbox 1257 3424 1272 3472; x_wconf 85' lang='grc'><strong>9</strong></span> <span class='ocrx_word' id='word_1_246' title='bbox 1291 3416 1395 3486; x_wconf 87' lang='lat' dir='ltr'><strong>dumis]</strong></span> 
     </span>
     <span class='ocr_line' id='line_1_34' title="bbox 249 3487 1397 3560; baseline -0.002 -17"><span class='ocrx_word' id='word_1_247' title='bbox 249 3492 294 3544; x_wconf 83' lang='lat' dir='ltr'><strong>lib.</strong></span> <span class='ocrx_word' id='word_1_248' title='bbox 320 3492 398 3560; x_wconf 71' lang='lat' dir='ltr'><strong>pices.</strong></span> <span class='ocrx_word' id='word_1_249' title='bbox 425 3489 535 3558; x_wconf 85' lang='lat' dir='ltr'><strong>Darnis,</strong></span> <span class='ocrx_word' id='word_1_250' title='bbox 561 3490 630 3544; x_wconf 90' lang='lat' dir='ltr'><strong>locis</strong></span> <span class='ocrx_word' id='word_1_251' title='bbox 663 3490 837 3545; x_wconf 85' lang='lat' dir='ltr'><strong>siluestribus</strong></span> <span class='ocrx_word' id='word_1_252' title='bbox 865 3491 910 3544; x_wconf 89' lang='lat' dir='ltr'>uel</span> <span class='ocrx_word' id='word_1_253' title='bbox 940 3490 1067 3560; x_wconf 88' lang='lat' dir='ltr'><strong>spinosis.</strong></span> <span class='ocrx_word' id='word_1_254' title='bbox 1106 3491 1172 3544; x_wconf 77' lang='lat' dir='ltr'><strong>ibid.</strong></span> <span class='ocrx_word' id='word_1_255' title='bbox 1206 3487 1303 3557; x_wconf 90' lang='lat' dir='ltr'><strong>Dnmi,</strong></span> <span class='ocrx_word' id='word_1_256' title='bbox 1335 3488 1397 3542; x_wconf 87' lang='lat' dir='ltr'>loca</span> 
     </span>
     <span class='ocr_line' id='line_1_35' title="bbox 248 3559 1394 3632; baseline 0.001 -19"><span class='ocrx_word' id='word_1_257' title='bbox 248 3560 389 3616; x_wconf 75' lang='lat' dir='ltr'><strong>siluestris</strong></span> <span class='ocrx_word' id='word_1_258' title='bbox 406 3561 453 3616; x_wconf 90' lang='lat' dir='ltr'>uel</span> <span class='ocrx_word' id='word_1_259' title='bbox 472 3560 558 3616; x_wconf 87' lang='lat' dir='ltr'>colles</span> <span class='ocrx_word' id='word_1_260' title='bbox 576 3562 669 3632; x_wconf 76' lang='lat' dir='ltr'><strong>asperi</strong></span> <span class='ocrx_word' id='word_1_261' title='bbox 688 3562 733 3616; x_wconf 89' lang='lat' dir='ltr'>uel</span> <span class='ocrx_word' id='word_1_262' title='bbox 752 3562 872 3631; x_wconf 89' lang='lat' dir='ltr'><strong>spinosa.</strong></span> <span class='ocrx_word' id='word_1_263' title='bbox 977 3569 1008 3615; x_wconf 93' lang='lat'><strong>11</strong></span> <span class='ocrx_word' id='word_1_264' title='bbox 1029 3560 1178 3630; x_wconf 85' lang='lat' dir='ltr'><strong>decrepiti]</strong></span> <span class='ocrx_word' id='word_1_265' title='bbox 1200 3561 1295 3615; x_wconf 80' lang='lat' dir='ltr'>Plaut.</span> <span class='ocrx_word' id='word_1_266' title='bbox 1314 3559 1394 3614; x_wconf 79' lang='lat' dir='ltr'><strong>Asia.</strong></span> 
     </span>
     <span class='ocr_line' id='line_1_36' title="bbox 248 3630 1395 3702; baseline -0.003 -16"><span class='ocrx_word' id='word_1_267' title='bbox 248 3638 410 3700; x_wconf 79' lang='lat' dir='ltr'>6‚2,13‚etc.</span> <span class='ocrx_word' id='word_1_268' title='bbox 448 3631 522 3686; x_wconf 81' lang='lat' dir='ltr'><strong>Fest.</strong></span> <span class='ocrx_word' id='word_1_269' title='bbox 547 3634 630 3688; x_wconf 83' lang='lat' dir='ltr'>Paul.</span> <span class='ocrx_word' id='word_1_270' title='bbox 655 3638 740 3700; x_wconf 78' lang='lat'>71‚12.</span> <span class='ocrx_word' id='word_1_271' title='bbox 775 3632 939 3702; x_wconf 88' lang='lat' dir='ltr'><strong>Decrepitus</strong></span> <span class='ocrx_word' id='word_1_272' title='bbox 964 3636 1006 3687; x_wconf 87' lang='lat' dir='ltr'><strong>est</strong></span> <span class='ocrx_word' id='word_1_273' title='bbox 1024 3632 1186 3702; x_wconf 86' lang='lat' dir='ltr'><strong>desperatus</strong></span> <span class='ocrx_word' id='word_1_274' title='bbox 1205 3648 1320 3702; x_wconf 88' lang='lat' dir='ltr'>crepera</span> <span class='ocrx_word' id='word_1_275' title='bbox 1338 3630 1395 3684; x_wconf 84' lang='lat' dir='ltr'><strong>iam</strong></span> 
     </span>
     <span class='ocr_line' id='line_1_37' title="bbox 248 3702 1394 3773; baseline -0.002 -16"><span class='ocrx_word' id='word_1_276' title='bbox 248 3703 320 3773; x_wconf 91' lang='lat' dir='ltr'><strong>uita,</strong></span> <span class='ocrx_word' id='word_1_277' title='bbox 344 3705 375 3757; x_wconf 89' lang='lat' dir='ltr'><strong>ut</strong></span> <span class='ocrx_word' id='word_1_278' title='bbox 398 3704 591 3772; x_wconf 90' lang='lat' dir='ltr'>crepusculum</span> <span class='ocrx_word' id='word_1_279' title='bbox 615 3706 768 3759; x_wconf 87' lang='lat' dir='ltr'>extremum</span> <span class='ocrx_word' id='word_1_280' title='bbox 792 3704 848 3758; x_wconf 90' lang='lat' dir='ltr'><strong>diei</strong></span> <span class='ocrx_word' id='word_1_281' title='bbox 875 3707 992 3773; x_wconf 89' lang='lat' dir='ltr'><strong>tempus.</strong></span> <span class='ocrx_word' id='word_1_282' title='bbox 1032 3704 1090 3758; x_wconf 86' lang='lat' dir='ltr'><strong>sive</strong></span> <span class='ocrx_word' id='word_1_283' title='bbox 1113 3703 1282 3772; x_wconf 42' lang='lat' dir='ltr'><strong>decrepitus,</strong></span> <span class='ocrx_word' id='word_1_284' title='bbox 1295 3702 1394 3770; x_wconf 86' lang='lat' dir='ltr'><strong>dictus,</strong></span> 
     </span>
     <span class='ocr_line' id='line_1_38' title="bbox 248 3773 1395 3844; baseline -0.001 -16"><span class='ocrx_word' id='word_1_285' title='bbox 248 3775 446 3844; x_wconf 84' lang='lat' dir='ltr'>quiapropter</span> <span class='ocrx_word' id='word_1_286' title='bbox 465 3778 636 3830; x_wconf 87' lang='lat' dir='ltr'><strong>senectutem</strong></span> <span class='ocrx_word' id='word_1_287' title='bbox 650 3791 702 3832; x_wconf 89' lang='lat' dir='ltr'><strong>nec</strong></span> <span class='ocrx_word' id='word_1_288' title='bbox 716 3792 827 3830; x_wconf 89' lang='lat' dir='ltr'>mouere</span> <span class='ocrx_word' id='word_1_289' title='bbox 846 3792 873 3830; x_wconf 91' lang='lat' dir='ltr'><strong>se</strong></span> <span class='ocrx_word' id='word_1_290' title='bbox 893 3791 943 3830; x_wconf 90' lang='lat' dir='ltr'><strong>nec</strong></span> <span class='ocrx_word' id='word_1_291' title='bbox 963 3775 1052 3829; x_wconf 88' lang='lat' dir='ltr'>ullum</span> <span class='ocrx_word' id='word_1_292' title='bbox 1074 3775 1165 3830; x_wconf 87' lang='lat' dir='ltr'>facere</span> <span class='ocrx_word' id='word_1_293' title='bbox 1190 3777 1285 3843; x_wconf 85' lang='lat' dir='ltr'><strong>potest</strong></span> <span class='ocrx_word' id='word_1_294' title='bbox 1307 3773 1395 3842; x_wconf 89' lang='lat' dir='ltr'><strong>crepi-</strong></span> 
     </span>
     <span class='ocr_line' id='line_1_39' title="bbox 247 3843 1393 3917; baseline -0.002 -18"><span class='ocrx_word' id='word_1_295' title='bbox 247 3849 316 3901; x_wconf 90' lang='lat' dir='ltr'>tum.</span> <span class='ocrx_word' id='word_1_296' title='bbox 354 3848 426 3900; x_wconf 79' lang='lat' dir='ltr'><strong>Isid.</strong></span> <span class='ocrx_word' id='word_1_297' title='bbox 453 3852 537 3914; x_wconf 79' lang='lat'>10‚74.</span> <span class='ocrx_word' id='word_1_298' title='bbox 575 3846 751 3917; x_wconf 88' lang='lat' dir='ltr'><strong>Decrepitus,</strong></span> <span class='ocrx_word' id='word_1_299' title='bbox 781 3846 856 3915; x_wconf 86' lang='lat' dir='ltr'><strong>quod</strong></span> <span class='ocrx_word' id='word_1_300' title='bbox 880 3846 917 3900; x_wconf 89' lang='lat' dir='ltr'><strong>sit</strong></span> <span class='ocrx_word' id='word_1_301' title='bbox 941 3847 1025 3901; x_wconf 82' lang='lat' dir='ltr'><strong>morti</strong></span> <span class='ocrx_word' id='word_1_302' title='bbox 1052 3845 1166 3916; x_wconf 82' lang='lat' dir='ltr'><strong>propior</strong></span> <span class='ocrx_word' id='word_1_303' title='bbox 1191 3849 1221 3900; x_wconf 83' lang='lat' dir='ltr'>et</span> <span class='ocrx_word' id='word_1_304' title='bbox 1249 3845 1330 3914; x_wconf 83' lang='lat' dir='ltr'><strong>quasi</strong></span> <span class='ocrx_word' id='word_1_305' title='bbox 1357 3843 1393 3898; x_wconf 84' lang='lat' dir='ltr'><strong>ad</strong></span> 
     </span>
     <span class='ocr_line' id='line_1_40' title="bbox 248 3915 1395 3987; baseline -0.002 -17"><span class='ocrx_word' id='word_1_306' title='bbox 248 3916 345 3972; x_wconf 90' lang='lat' dir='ltr'><strong>mortis</strong></span> <span class='ocrx_word' id='word_1_307' title='bbox 369 3918 497 3973; x_wconf 83' lang='lat' dir='ltr'><strong>tenebras</strong></span> <span class='ocrx_word' id='word_1_308' title='bbox 521 3920 627 3986; x_wconf 82' lang='lat' dir='ltr'>uertet,</span> <span class='ocrx_word' id='word_1_309' title='bbox 651 3917 724 3972; x_wconf 88' lang='lat' dir='ltr'><strong>sient</strong></span> <span class='ocrx_word' id='word_1_310' title='bbox 746 3917 936 3987; x_wconf 89' lang='lat' dir='ltr'>crepusculum</span> <span class='ocrx_word' id='word_1_311' title='bbox 961 3921 1072 3987; x_wconf 87' lang='lat' dir='ltr'><strong>tempus</strong></span> <span class='ocrx_word' id='word_1_312' title='bbox 1096 3917 1192 3973; x_wconf 87' lang='lat' dir='ltr'><strong>noctis.</strong></span> <span class='ocrx_word' id='word_1_313' title='bbox 1226 3917 1275 3971; x_wconf 85' lang='lat' dir='ltr'><strong>alii</strong></span> <span class='ocrx_word' id='word_1_314' title='bbox 1299 3915 1395 3969; x_wconf 87' lang='lat' dir='ltr'><strong>dicunt</strong></span> 
     </span>
     <span class='ocr_line' id='line_1_41' title="bbox 248 3988 1394 4058; baseline -0.003 -16"><span class='ocrx_word' id='word_1_315' title='bbox 248 3988 434 4057; x_wconf 83' lang='lat' dir='ltr'><strong>decrepitum,</strong></span> <span class='ocrx_word' id='word_1_316' title='bbox 460 4006 515 4043; x_wconf 91' lang='lat' dir='ltr'><strong>non</strong></span> <span class='ocrx_word' id='word_1_317' title='bbox 534 3989 582 4058; x_wconf 91' lang='lat' dir='ltr'><strong>qui</strong></span> <span class='ocrx_word' id='word_1_318' title='bbox 607 3992 750 4044; x_wconf 87' lang='lat' dir='ltr'><strong>senectute</strong></span> <span class='ocrx_word' id='word_1_319' title='bbox 769 3989 928 4043; x_wconf 87' lang='lat' dir='ltr'><strong>auulsusest</strong></span> <span class='ocrx_word' id='word_1_320' title='bbox 947 3995 993 4046; x_wconf 80' lang='lat' dir='ltr'><strong>etc.</strong></span> <span class='ocrx_word' id='word_1_321' title='bbox 1021 3991 1054 4056; x_wconf 80' lang='lat' dir='ltr'><strong>cf.</strong></span> <span class='ocrx_word' id='word_1_322' title='bbox 1074 3988 1149 4044; x_wconf 80' lang='lat' dir='ltr'>Nou.</span> <span class='ocrx_word' id='word_1_323' title='bbox 1175 3994 1261 4054; x_wconf 79' lang='lat'>13‚12.</span> <span class='ocrx_word' id='word_1_324' title='bbox 1290 3988 1394 4041; x_wconf 78' lang='lat' dir='ltr'><strong>Docet.</strong></span> 
     </span>
     <span class='ocr_line' id='line_1_42' title="bbox 248 4057 1397 4130; baseline -0.003 -18"><span class='ocrx_word' id='word_1_325' title='bbox 248 4061 326 4116; x_wconf 69' lang='lat' dir='ltr'>aaa.</span> <span class='ocrx_word' id='word_1_326' title='bbox 346 4065 442 4129; x_wconf 64' lang='lat' dir='ltr'><strong>mc.</strong></span> <span class='ocrx_word' id='word_1_327' title='bbox 474 4061 553 4114; x_wconf 77' lang='lat' dir='ltr'><strong>Luci.</strong></span> <span class='ocrx_word' id='word_1_328' title='bbox 575 4061 653 4117; x_wconf 86' lang='lat' dir='ltr'>Ploc.</span> <span class='ocrx_word' id='word_1_329' title='bbox 675 4060 754 4114; x_wconf 80' lang='lat' dir='ltr'><strong>Theb.</strong></span> <span class='ocrx_word' id='word_1_330' title='bbox 781 4067 866 4128; x_wconf 85' lang='lat'>1,344.</span> <span class='ocrx_word' id='word_1_331' title='bbox 889 4061 947 4114; x_wconf 87' lang='lat' dir='ltr'><strong>OP.</strong></span> <span class='ocrx_word' id='word_1_332' title='bbox 964 4077 993 4128; x_wconf 87' lang='lat' dir='ltr'><strong>p.</strong></span> <span class='ocrx_word' id='word_1_333' title='bbox 1014 4067 1056 4115; x_wconf 84' lang='lat'><strong>93.</strong></span> <span class='ocrx_word' id='word_1_334' title='bbox 1147 4064 1180 4113; x_wconf 74' lang='lat'><strong>17</strong></span> <span class='ocrx_word' id='word_1_335' title='bbox 1200 4059 1321 4130; x_wconf 88' lang='lat' dir='ltr'><strong>diplosa]</strong></span> <span class='ocrx_word' id='word_1_336' title='bbox 1343 4057 1397 4109; x_wconf 84' lang='grc' dir='ltr'><strong>ΟΡ</strong></span> 
     </span>
     <span class='ocr_line' id='line_1_43' title="bbox 241 4127 1393 4200; baseline -0.004 -14"><span class='ocrx_word' id='word_1_337' title='bbox 241 4149 276 4200; x_wconf 79' lang='lat' dir='ltr'><strong>p.</strong></span> <span class='ocrx_word' id='word_1_338' title='bbox 298 4138 357 4187; x_wconf 88' lang='lat'>181.</span> <span class='ocrx_word' id='word_1_339' title='bbox 390 4131 549 4200; x_wconf 86' lang='lat' dir='ltr'><strong>Displosus‚</strong></span> <span class='ocrx_word' id='word_1_340' title='bbox 575 4131 734 4186; x_wconf 79' lang='lat' dir='ltr'><strong>distractus.</strong></span> <span class='ocrx_word' id='word_1_341' title='bbox 772 4132 839 4186; x_wconf 80' lang='lat' dir='ltr'><strong>ibid.</strong></span> <span class='ocrx_word' id='word_1_342' title='bbox 854 4149 885 4199; x_wconf 85' lang='lat' dir='ltr'><strong>p.</strong></span> <span class='ocrx_word' id='word_1_343' title='bbox 905 4137 965 4185; x_wconf 87' lang='lat'>458.</span> <span class='ocrx_word' id='word_1_344' title='bbox 990 4131 1131 4200; x_wconf 88' lang='lat' dir='ltr'><strong>displodo,</strong></span> <span class='ocrx_word' id='word_1_345' title='bbox 1159 4131 1197 4198; x_wconf 88' lang='lat' dir='ltr'><strong>is,</strong></span> <span class='ocrx_word' id='word_1_346' title='bbox 1222 4129 1252 4183; x_wconf 90' lang='lat' dir='ltr'><strong>id</strong></span> <span class='ocrx_word' id='word_1_347' title='bbox 1276 4134 1319 4183; x_wconf 87' lang='lat' dir='ltr'><strong>est</strong></span> <span class='ocrx_word' id='word_1_348' title='bbox 1337 4127 1393 4182; x_wconf 90' lang='lat' dir='ltr'><strong>dis·</strong></span> 
     </span>
     <span class='ocr_line' id='line_1_44' title="bbox 249 4199 1338 4271; baseline -0.001 -16"><span class='ocrx_word' id='word_1_349' title='bbox 249 4205 343 4257; x_wconf 88' lang='lat' dir='ltr'>cutere</span> <span class='ocrx_word' id='word_1_350' title='bbox 367 4203 413 4257; x_wconf 91' lang='lat' dir='ltr'>uel</span> <span class='ocrx_word' id='word_1_351' title='bbox 439 4219 579 4270; x_wconf 85' lang='lat' dir='ltr'><strong>quassare.</strong></span> <span class='ocrx_word' id='word_1_352' title='bbox 617 4205 646 4257; x_wconf 88' lang='lat' dir='ltr'><strong>ct</strong></span> <span class='ocrx_word' id='word_1_353' title='bbox 673 4202 738 4256; x_wconf 85' lang='lat' dir='ltr'><strong>inde</strong></span> <span class='ocrx_word' id='word_1_354' title='bbox 768 4202 907 4271; x_wconf 82' lang='lat' dir='ltr'><strong>displosas</strong></span> <span class='ocrx_word' id='word_1_355' title='bbox 934 4219 964 4267; x_wconf 85' lang='lat' dir='ltr'><strong>e,</strong></span> <span class='ocrx_word' id='word_1_356' title='bbox 990 4221 1047 4269; x_wconf 89' lang='lat' dir='ltr'><strong>um,</strong></span> <span class='ocrx_word' id='word_1_357' title='bbox 1075 4202 1104 4256; x_wconf 93' lang='lat' dir='ltr'><strong>id</strong></span> <span class='ocrx_word' id='word_1_358' title='bbox 1128 4205 1171 4255; x_wconf 87' lang='lat' dir='ltr'><strong>est</strong></span> <span class='ocrx_word' id='word_1_359' title='bbox 1193 4199 1338 4254; x_wconf 86' lang='lat' dir='ltr'><strong>discussus.</strong></span> 
     </span>
     <span class='ocr_line' id='line_1_45' title="bbox 252 4270 1393 4344; baseline -0.001 -19"><span class='ocrx_word' id='word_1_360' title='bbox 252 4279 283 4327; x_wconf 88' lang='grc'><strong>18</strong></span> <span class='ocrx_word' id='word_1_361' title='bbox 309 4275 382 4344; x_wconf 84' lang='lat' dir='ltr'><strong>duit]</strong></span> <span class='ocrx_word' id='word_1_362' title='bbox 407 4275 453 4327; x_wconf 80' lang='lat' dir='ltr'><strong>lib.</strong></span> <span class='ocrx_word' id='word_1_363' title='bbox 479 4275 558 4342; x_wconf 76' lang='lat' dir='ltr'><strong>ploss.</strong></span> <span class='ocrx_word' id='word_1_364' title='bbox 582 4276 636 4342; x_wconf 54' lang='lat' dir='ltr'><strong>(pb</strong></span> <span class='ocrx_word' id='word_1_365' title='bbox 660 4275 775 4327; x_wconf 90' lang='lat' dir='ltr'><strong>Duent</strong></span> <span class='ocrx_word' id='word_1_366' title='bbox 801 4274 935 4342; x_wconf 73' lang='lat' dir='ltr'>(ouante)</span> <span class='ocrx_word' id='word_1_367' title='bbox 962 4277 992 4328; x_wconf 91' lang='lat' dir='ltr'>et</span> <span class='ocrx_word' id='word_1_368' title='bbox 1014 4273 1124 4339; x_wconf 87' lang='lat' dir='ltr'><strong>duint,</strong></span> <span class='ocrx_word' id='word_1_369' title='bbox 1153 4272 1232 4336; x_wconf 90' lang='lat' dir='ltr'><strong>dent,</strong></span> <span class='ocrx_word' id='word_1_370' title='bbox 1258 4270 1393 4324; x_wconf 85' lang='lat' dir='ltr'><strong>tribuent.</strong></span> 
     </span>
     <span class='ocr_line' id='line_1_46' title="bbox 251 4340 1393 4414; baseline -0.003 -17"><span class='ocrx_word' id='word_1_371' title='bbox 251 4343 372 4411; x_wconf 76' lang='lat' dir='ltr'><strong>Papias:</strong></span> <span class='ocrx_word' id='word_1_372' title='bbox 391 4346 493 4413; x_wconf 86' lang='lat' dir='ltr'>Ducat,</span> <span class='ocrx_word' id='word_1_373' title='bbox 512 4345 627 4400; x_wconf 86' lang='lat' dir='ltr'><strong>dabunt.</strong></span> <span class='ocrx_word' id='word_1_374' title='bbox 655 4347 692 4399; x_wconf 80' lang='lat' dir='ltr'><strong>id.</strong></span> <span class='ocrx_word' id='word_1_375' title='bbox 713 4345 812 4414; x_wconf 87' lang='lat' dir='ltr'>Duere,</span> <span class='ocrx_word' id='word_1_376' title='bbox 832 4345 907 4399; x_wconf 81' lang='lat' dir='ltr'>dere.</span> <span class='ocrx_word' id='word_1_377' title='bbox 936 4346 969 4411; x_wconf 85' lang='lat' dir='ltr'><strong>cf.</strong></span> <span class='ocrx_word' id='word_1_378' title='bbox 988 4345 1074 4411; x_wconf 83' lang='lat' dir='ltr'><strong>Neue,</strong></span> <span class='ocrx_word' id='word_1_379' title='bbox 1092 4343 1231 4397; x_wconf 81' lang='lat' dir='ltr'>Formeal.</span> <span class='ocrx_word' id='word_1_380' title='bbox 1250 4342 1276 4395; x_wconf 86' lang='lat' dir='ltr'><strong>d.</strong></span> <span class='ocrx_word' id='word_1_381' title='bbox 1297 4342 1313 4394; x_wconf 90' lang='lat' dir='ltr'><strong>l.</strong></span> <span class='ocrx_word' id='word_1_382' title='bbox 1329 4340 1393 4411; x_wconf 83' lang='lat' dir='ltr'>Spr.</span> 
     </span>
     <span class='ocr_line' id='line_1_47' title="bbox 248 4412 1393 4486; baseline -0.001 -19"><span class='ocrx_word' id='word_1_383' title='bbox 248 4414 274 4467; x_wconf 84' lang='grc' dir='ltr'><strong>ΙΙ</strong></span> <span class='ocrx_word' id='word_1_384' title='bbox 289 4432 319 4482; x_wconf 86' lang='lat' dir='ltr'><strong>p.</strong></span> <span class='ocrx_word' id='word_1_385' title='bbox 339 4421 399 4472; x_wconf 84' lang='grc'>339,</span> <span class='ocrx_word' id='word_1_386' title='bbox 483 4417 675 4486; x_wconf 71' lang='lat' dir='ltr'><strong>reconditis]</strong></span> <span class='ocrx_word' id='word_1_387' title='bbox 696 4417 730 4482; x_wconf 80' lang='lat' dir='ltr'><strong>ef.</strong></span> <span class='ocrx_word' id='word_1_388' title='bbox 752 4416 846 4470; x_wconf 78' lang='lat' dir='ltr'>Praot.</span> <span class='ocrx_word' id='word_1_389' title='bbox 868 4417 943 4472; x_wconf 83' lang='lat' dir='ltr'><strong>Pers.</strong></span> <span class='ocrx_word' id='word_1_390' title='bbox 963 4422 1058 4486; x_wconf 62' lang='lat'>4445.</span> <span class='ocrx_word' id='word_1_391' title='bbox 1141 4419 1175 4468; x_wconf 77' lang='lat'><strong>20</strong></span> <span class='ocrx_word' id='word_1_392' title='bbox 1194 4412 1338 4484; x_wconf 72' lang='lat' dir='ltr'><strong>detentus]</strong></span> <span class='ocrx_word' id='word_1_393' title='bbox 1358 4412 1393 4486; x_wconf 75' lang='lat' dir='ltr'><strong>cs.</strong></span> 
     </span>
     <span class='ocr_line' id='line_1_48' title="bbox 249 4485 830 4558; baseline 0.009 -18"><span class='ocrx_word' id='word_1_394' title='bbox 249 4485 346 4542; x_wconf 80' lang='lat' dir='ltr'>datare</span> <span class='ocrx_word' id='word_1_395' title='bbox 365 4504 410 4556; x_wconf 81' lang='lat' dir='ltr'><strong>cp.</strong></span> <span class='ocrx_word' id='word_1_396' title='bbox 432 4487 527 4544; x_wconf 77' lang='lat' dir='ltr'>Placet.</span> <span class='ocrx_word' id='word_1_397' title='bbox 549 4489 648 4544; x_wconf 77' lang='lat' dir='ltr'><strong>Pseud.</strong></span> <span class='ocrx_word' id='word_1_398' title='bbox 668 4491 764 4558; x_wconf 75' lang='lat'><strong>4,7,26.</strong></span> <span class='ocrx_word' id='word_1_399' title='bbox 783 4492 830 4545; x_wconf 82' lang='lat' dir='ltr'><strong>etc.</strong></span> 
     </span>
    </p>
   </div>
   <div class='ocr_carea' id='block_1_11' title="bbox 0 0 1608 5090">
    <p class='ocr_par' dir='ltr' id='par_1_12' title="bbox 0 0 1608 5090">
     <span class='ocr_line' id='line_1_49' title="bbox 0 0 1608 5090; baseline 0 1"><span class='ocrx_word' id='word_1_400' title='bbox 0 0 1608 5090; x_wconf 95' lang='lat' dir='ltr'><strong> </strong></span> 
     </span>
    </p>
   </div>
  </div>
 </body>
</html>
