3208 5090
688 366 727 376 -.
776 349 899 394 IX...

214 490 457 572 potre'l3,12.‚
481 489 547 553 alia
575 510 656 572 quae
686 489 720 552 in
746 489 839 552 libris
868 490 1026 572 sequioris
1055 490 1212 573 temporis
1240 493 1368 554 tantum

221 596 273 658 uel
306 595 429 659 mediae
462 595 579 658 aetatis
611 591 664 658 uel
697 599 855 680 nusquam
889 597 970 660 alias
1003 600 1141 660 exstant.
1186 596 1251 660 ium
1281 595 1368 679 quod

215 701 367 782 placitura
394 725 424 785 p.
449 702 501 784 23,
521 701 551 765 4.
589 705 622 764 et
648 703 895 786 (1111111112.
928 705 961 766 11
981 703 1103 782 fabrico
1126 702 1178 784 57,
1204 701 1254 765 10.
1281 700 1367 764 idem

222 808 408 891 significant
437 808 522 891 quod
550 805 758 872 ‘contractus’
786 805 830 894 (11.
857 808 988 873 Araual.
1016 809 1056 872 ad
1078 808 1154 872 Isid.
1182 807 1367 890 11111),

222 912 398 996 ‘assarios',
422 913 515 997 ‘opus
534 913 754 979 fabricatum’:
778 915 858 980 haec
880 937 932 979 res
958 915 1122 980 inferioris
1147 913 1264 980 aetatis
1292 913 1368 978 scri·

189 1087 200 1106 .
221 1024 348 1102 ptorem
362 1020 516 1084 declarat.
545 1042 617 1084 cum
632 1021 769 1104 denique
784 1021 933 1085 Placidus
957 1022 1117 1106 praecipit
1140 1021 1313 1086 ‘Diberauit
1332 1021 1368 1084 de

216 1127 381 1206 1111111111
389 1147 449 1208 per
461 1147 491 1204 11,
511 1127 688 1191 liberabit
700 1128 737 1191 de
747 1127 854 1208 futuro
864 1128 952 1209 pert
974 1127 1130 1194 sareditar'
1155 1132 1187 1192 et
1210 1127 1296 1191 idem
1321 1125 1367 1190 ait

222 1230 364 1296 ‘corroso
376 1253 436 1314 per
456 1233 589 1298 ascribi
614 1233 749 1318 operar,
776 1237 809 1297 et
831 1234 984 1298 indicium
1006 1238 1056 1298 est
1076 1233 1217 1298 ineuntis
1244 1232 1367 1296 mediae

221 1339 426 1422 aetatisque
448 1338 562 1404 literae
586 1339 606 1403 b
631 1343 664 1403 et
687 1362 708 1403 u
730 1341 909 1423 permutari
933 1341 1091 1424 solebant,
1114 1345 1148 1404 et
1170 1340 1277 1423 ipsum
1295 1338 1368 1402 Pla-

223 1443 329 1508 cidum
343 1445 406 1510 hoc
419 1446 502 1511 uitio
518 1447 844 1512 laborassetestatur.
870 1451 1036 1532 postremo
1061 1447 1146 1531 quod
1168 1446 1207 1510 de
1229 1445 1367 1530 paganis

220 1554 257 1613 ut
279 1550 317 1613 de
340 1555 486 1617 ueterum
511 1575 676 1618 sacrorum
699 1553 853 1618 studiosis
877 1553 1035 1638 loquitur,
1054 1537 1090 1618 'id
1114 1551 1308 1617 uocabulum
1332 1551 1365 1614 iu

221 1655 325 1720 edicto
355 1657 580 1723 Valentiniani
618 1663 651 1723 et
682 1653 832 1724 Valentis
869 1661 1101 1745 imperatorum
1133 1659 1274 1743 primum
1306 1657 1368 1722 hac

221 1761 458 1845 significatione
483 1769 674 1848 usurpatumv
693 1766 863 1830 inuenitur.

309 1867 370 1932 His
398 1871 502 1934 causis
535 1871 648 1934 ductus
681 1871 870 1935 Kettnero
903 1869 981 1957 (Zur
1010 1870 1121 1934 Kritilr
1153 1871 1210 1934 der
1237 1870 1367 1952 glossae

221 1973 345 2038 Placidi
371 1977 463 2041 1872.
487 2000 519 2060 p.
544 1975 608 2063 12.)
637 1977 789 2042 assentiri
815 2000 940 2061 nequeo
969 1978 1126 2042 statuenti
1149 1975 1316 2040 Placidum
1340 1975 1368 2039 si

84 2097 87 2112 ⁸
220 2103 285 2145 non
308 2084 446 2149 secundo
475 2089 509 2148 at
536 2089 623 2149 certe
651 2084 748 2149 tertio
772 2085 901 2150 saeculo
924 2084 1058 2149 uixisse:
1094 2087 1203 2148 censet
1226 2082 1312 2146 enim
1336 2086 1368 2145 et

220 2186 340 2271 Apulei
355 2194 388 2253 11
400 2189 575 2255 Frontonis
590 2194 696 2256 aetate
710 2193 891 2275 priscorum
913 2192 1086 2257 uerborum
1110 2213 1188 2275 opes
1211 2189 1252 2254 ad
1275 2209 1368 2253 usum

219 2294 308 2359 illius
337 2298 453 2362 aetatis
481 2297 649 2362 hominum
675 2298 874 2363 necessarias
906 2298 1006 2362 fuisse
1039 2301 1073 2361 et
1098 2296 1242 2362 Nonium
1268 2293 1367 2359 tertio

220 2393 348 2467 s'aeculo
372 2404 572 2468 collectanea
600 2427 658 2470 rua
686 2409 916 2487 comportasse.
957 2408 992 2468 at
1014 2404 1042 2467 si
1065 2425 1188 2468 morem
1211 2400 1368 2483 temporis
1444 2397 1449 2408 '

219 2505 432 2574 Fr0ntoniani
446 2511 601 2595 respicias
616 2533 655 2576 ex
670 2532 771 2594 eoque
782 2510 933 2594 consequi
947 2511 1044 2595 dieas,
1057 2510 1238 2594 priscarum
1252 2527 1368 2571 uocum

220 2615 390 2681 thesauros
419 2618 486 2682 illis
513 2617 700 2682 hominibus
729 2618 956 2700 antiquissima
988 2637 1132 2701 quaeque
1161 2612 1367 2698 captantibus

221 2744 260 2785 ex
282 2743 344 2786 usu
366 2723 482 2806 fuisse,
505 2725 615 2788 eodem
639 2724 708 2788 iure
723 2722 890 2800 ¹Antonini
913 2724 966 2787 uel
990 2722 1116 2786 Aurelii
1140 2725 1246 2786 aetate
1265 2718 1368 2782 Placi-

221 2827 296 2890 dum
312 2828 437 2912 glorsas
453 2829 622 2913 collegisse
638 2830 757 2912 credas,
778 2829 971 2913 praesertim
986 2850 1058 2893 111111
1073 2828 1220 2910 sequenti
1239 2824 1368 2890 saeculo

220 2933 301 2997 illud
316 2935 520 3018 antiquitatis
536 2935 679 2999 studium
693 2936 877 3019 elanguisse
892 2937 1026 2999 constet.
1063 2932 1139 3016 quid
1154 2932 1239 3016 quod
1253 2930 1368 2995 Festus

220 3045 337 3123 quarto
353 3040 481 3105 saeculo
495 3040 597 3105 simili
610 3041 779 3106 literarum
793 3043 905 3125 generi
928 3062 1058 3125 operam
1082 3039 1170 3103 dedit
1194 3043 1226 3102 et
1238 3036 1368 3117 Paulus,

220 3146 288 3212 eius
313 3147 520 3231 epitomator,
544 3145 654 3212 Caroli
676 3147 790 3232 Magni
813 3147 958 3231 aequalis
982 3147 1074 3211 erat?
1098 3150 1135 3210 ut
1157 3144 1239 3208 nihil
1262 3143 1368 3206 dicam

220 3253 258 3316 de
286 3254 412 3338 ingenti
439 3255 623 3337 glossarum
650 3277 796 3338 numero,
825 3275 906 3338 quae
938 3254 1095 3337 proximis
1125 3249 1262 3316 saeculis
1294 3270 1366 3313 oum
1396 3249 1398 3254 ’

220 3360 260 3423 ad
275 3360 357 3424 alios
372 3362 545 3445 scriptores
560 3367 631 3426 tum
654 3362 695 3426 ad
714 3361 891 3446 Virgilium
915 3360 1144 3425 illustrandum
1168 3355 1367 3438 conscriptae

219 3470 303 3530 sunt.
331 3468 416 3552 quod
435 3471 544 3532 autem
568 3472 715 3533 auctores
739 3467 869 3532 Lucano
883 3465 990 3532 Plinio
1006 3465 1149 3531 Cornuto
1172 3462 1367 3528 recentiores

220 3571 384 3638 aPlacido
398 3574 506 3640 nullos
530 3575 638 3640 afferri
656 3575 869 3639 Kettnerus
892 3574 1028 3637 miratus
1052 3578 1111 3656 est,
1134 3593 1263 3655 quaero,
1286 3591 1366 3653 quos
1449 3646 1451 3651 Ι

141 3709 154 3720 -
220 3676 302 3742 alios
316 3680 482 3746 nominare
501 3681 649 3746 debuerit
662 3681 823 3765 Placidus,
847 3680 965 3764 quippe
985 3679 1040 3763 qui
1065 3701 1128 3764 una
1151 3700 1223 3741 cum
1247 3675 1366 3760 glossis

220 3785 319 3849 etiam
350 3787 438 3850 locos
471 3792 638 3855 auctorum
675 3811 735 3872 pro
770 3786 967 3852 testimoniis
1000 3785 1125 3869 positos
1157 3806 1195 3847 ex
1226 3780 1367 3863 antiquis

220 3891 468 3976 glossographis
487 3897 653 3959 mutuatus
678 3917 748 3958 esse
770 3893 925 3958 uideatur.
953 3890 1077 3957 aceedit
1100 3889 1184 3973 quod
1198 3888 1367 3968 Luctatius
1450 3979 1453 3984 Ι

219 4021 319 4082 aeque
347 4002 444 4082 atque
471 3999 615 4065 Isidorus
642 4021 844 4086 paganorum
873 3999 1035 4064 mentione
1062 3997 1182 4075 iniecta
1208 4017 1366 4078 nusquam

218 4107 253 4170 in
275 4109 445 4190 utramque
468 4111 595 4189 partem
617 4107 771 4190 disputat,
794 4106 877 4170 unde
901 4127 993 4170 sacra
1012 4104 1184 4188 gentilium
1206 4102 1264 4165 illo
1287 4105 1366 4165 tem-

217 4234 296 4295 pore
311 4212 431 4277 dudum
445 4213 570 4278 abolita
584 4216 618 4277 et
631 4213 727 4277 fidem
742 4212 953 4278 christianam
967 4212 1032 4276 iam
1056 4210 1227 4274 altissimis
1251 4208 1366 4273 radici·

218 4319 279 4382 bus
310 4319 408 4383 fixam
440 4319 540 4384 fuisse
571 4320 751 4401 putandum
783 4323 841 4384 est.
885 4319 972 4384 infra
1002 4321 1113 4382 tamen
1145 4337 1265 4381 annum
1291 4315 1367 4382 535.

132 4417 134 4420 ’
218 4424 342 4491 Placidi
356 4425 483 4512 glossas
496 4424 675 4490 reiciendas
688 4447 754 4490 non
768 4447 849 4510 esse,
871 4425 1073 4510 praefatione
1087 4424 1147 4490 illa
1160 4422 1367 4508 cognoscitur
1486 4503 1489 4508 Ι
