3208 5090
721 322 935 383 „44-

250 480 443 563 Fassitus,
480 480 605 545 solutus
643 483 693 544 cst
725 483 781 545 aut
815 482 1024 564 consumptus
1062 481 1114 544 uel
1151 478 1342 563 exhaustus,
1380 502 1400 543 a

297 569 487 635 fatiscendo.
945 593 948 599 ·

250 657 519 742 Ferocientes,
542 658 698 722 ferociam
722 661 915 723 exercentes.

214 773 219 780 ·
253 745 436 831 Flaxare,
459 747 590 833 uigilias
615 747 792 812 circumire.

225 833 723 922 ⁵Fauniorum‘modorum,
757 835 1056 919 antiquissimorum
1084 857 1250 920 uersuum,
1283 835 1399 919 quibus

295 923 445 990 Faunum
467 926 685 990 celebrabant.

250 1013 484 1098 Famulatio,
507 1015 689 1097 seruitium,
713 1017 749 1078 ut
772 1013 905 1097 aritio,
928 1014 1115 1078 dominatio.

250 1101 387 1185 Forda,
409 1104 518 1187 plena,
542 1103 629 1169 dicta
653 1126 672 1166 a
694 1106 911 1186 praegnante,
935 1103 1019 1186 quod
1041 1102 1171 1186 proprie
1195 1101 1367 1184 significat.

250 1190 484 1276 Fracebunt,
508 1193 698 1277 sordebunt,
720 1191 947 1275 displicebunt.
979 1191 1102 1255 dictum
1126 1215 1146 1258 a
1169 1190 1320 1274 fracibus,
1343 1191 1399 1274 qui

214 1297 240 1336 10
281 1284 374 1367 sunt
397 1281 566 1346 stillicidia
589 1280 795 1366 sterquilinii.

251 1368 434 1455 Facinus,
458 1393 552 1435 omne
575 1371 708 1436 factum.

250 1458 468 1524 Fauonium
508 1459 649 1544 odium,
683 1459 753 1524 leue
787 1462 820 1522 et
859 1457 927 1522 sinc
965 1480 1075 1542 causa,
1111 1458 1203 1523 uelut
1246 1479 1266 1522 a
1301 1461 1398 1522 uento

297 1548 478 1613 collectum.
508 1607 511 1612 .

251 1636 429 1720 Futauit,
451 1637 523 1702 fuit.

212 1738 237 1777 1⁵
251 1724 392 1810 Fulsit,
415 1725 505 1791 feriit
526 1726 584 1796 uel
601 1725 770 1810 percussit.
812 1725 965 1810 fulgere
994 1725 1079 1790 enim
1102 1725 1198 1790 ferire
1225 1726 1289 1809 est,
1316 1724 1398 1790 unde

295 1836 422 1898 quoque
446 1813 592 1881 ‘fulmen'
615 1815 746 1879 dictum.

250 1902 378 1987 Futis,
401 1927 459 1970 uas
484 1905 655 1988 aquarium
677 1904 828 1987 perparui
852 1904 927 1968 oris.

250 1990 436 2077 Facetiis,
460 1993 552 2077 iocis,
576 1992 716 2076 lusibus,
739 1993 875 2078 salibus,
898 1991 1094 2058 urbanitate.

250 2079 379 2166 Facul,
402 2081 507 2150 facilc.

323 2367 335 2415 1
356 2363 480 2418 Fassitus
498 2363 601 2418 Ramr:
620 2363 748 2418 Fascibus
767 2363 814 2417 Hc
830 2365 834 2426 l
851 2365 894 2417 est
911 2380 939 2417 r:
957 2364 994 2417 srt
1013 2384 1034 2417 ω
1125 2370 1140 2418 3
1160 2363 1354 2419 Ferocicuotcs
1374 2361 1398 2416 O

251 2439 267 2487 5
291 2433 461 2489 Fauniorum
488 2451 517 2489 c:
546 2433 714 2490 Fauinorum
746 2434 790 2504 H,
817 2434 975 2489 Faunorum
1003 2435 1049 2489 Ra
1070 2437 1074 2502 Ι
1098 2433 1198 2504 quibus
1229 2434 1267 2488 P:
1300 2432 1351 2502 qui-
1372 2434 1398 2487 G

252 2505 402 2560 blaunum
420 2522 449 2560 o:
477 2505 573 2560 fanum
596 2505 657 2572 Hc,
683 2506 795 2560 Faunus
818 2505 870 2572 111
891 2505 1072 2561 celebrabant
1093 2522 1154 2560 uos:
1183 2503 1339 2560 celebratur
1364 2505 1397 2573 P,

250 2573 426 2631 celebranto
518 2575 667 2630 'lseruitio
687 2577 713 2630 G
802 2576 886 2646 9qui
906 2575 962 2631 Pc:
982 2594 1053 2646 quac
1067 2595 1110 2647 pa
1196 2582 1228 2631 13
1249 2576 1399 2630 collectum

251 2647 317 2700 RG:
339 2647 458 2702 collecto
478 2648 542 2703 ΟΠ
658 2653 691 2701 14
710 2647 783 2702 fudit
799 2648 925 2716 Caracca,
944 2647 1020 2702 Krit.
1039 2649 1128 2704 Bcitr.
1147 2664 1169 2702 a
1190 2650 1239 2703 lat.
1258 2645 1397 2702 Fornacal.

251 2724 320 2772 1863
335 2735 365 2786 p.
385 2723 445 2772 214.
538 2724 570 2772 15
589 2717 674 2788 periit
691 2718 720 2772 Ε
792 2724 825 2773 17
844 2718 922 2773 Futis
942 2720 1020 2776 Mai:
1043 2719 1138 2774 Fuctis
1160 2718 1193 2788 P,
1212 2719 1268 2773 Fut
1285 2717 1353 2773 tulis
1372 2735 1397 2786 a,

250 2787 352 2844 Futilis
372 2789 481 2858 Papias
496 2791 501 2857 1
518 2807 654 2858 aquarum
674 2789 792 2857 Gloris
812 2789 850 2844 G:
870 2790 960 2859 operis
982 2790 1010 2843 P

322 2883 338 2930 3
362 2878 539 2950 ferocientes]
563 2878 638 2933 Fert.
667 2878 750 2934 Paul.
775 2884 843 2945 927.
885 2878 996 2934 Ferocit
1028 2895 1074 2948 ap.
1098 2877 1232 2934 Catonem
1257 2878 1398 2934 ‘ferociter

252 2948 333 3018 agit'.
368 2948 422 3003 ΟΡ
436 2967 464 3018 p.
488 2955 575 3018 8310.
608 2949 737 3017 Ferocis,
763 2949 800 3014 is,
819 2949 849 3003 id
868 2952 912 3005 cst
929 2951 1044 3006 saeuire.
1070 2952 1147 3020 ploss.
1168 2951 1255 3006 Lobb.
1282 2949 1397 3005 Ferocio

144 3053 147 3059 -
250 3015 441 3090 ἅγριαίνομαι.
513 3019 663 3090 4flaxare]
680 3020 754 3076 Fest.
771 3021 854 3076 Paul.
869 3026 939 3088 91,9.
967 3021 1097 3090 Fraxarc,
1122 3021 1250 3092 uigiliam
1273 3021 1396 3076 circuire.

252 3097 266 3144 7
286 3090 446 3163 famulatio]
465 3093 543 3161 ploce.
562 3108 603 3162 pr.
630 3094 678 3146 let.
703 3093 839 3160 Δουλεία,
858 3091 1024 3159 famulatus,
1042 3091 1197 3148 famulatio.
1271 3100 1286 3148 8
1305 3092 1396 3162 forda]

256 3161 337 3217 Varr.
356 3162 390 3218 L.
410 3162 444 3218 L.
464 3169 533 3230 6‚15.
565 3163 618 3218 Bos
632 3162 725 3231 forda,
745 3179 818 3232 quae
836 3163 939 3218 sertin
957 3167 1062 3226 uentre.
1082 3165 1120 3218 id.
1140 3164 1174 3218 R.
1194 3163 1229 3219 a.
1250 3170 1301 3233 2,5.
1321 3162 1397 3229 Quae

250 3232 353 3288 sterilis
382 3236 425 3288 est
451 3250 550 3300 uacca,
579 3236 660 3288 taura
689 3233 863 3303 appellatur,
895 3250 967 3303 quae
996 3251 1167 3305 praegnans,
1196 3235 1283 3292 forda
1319 3234 1394 3290 Fest.

252 3304 335 3358 Paul.
360 3310 447 3372 83,13.
480 3304 635 3360 Fordicidia
654 3303 740 3360 boues
758 3303 867 3373 surdae,
890 3305 921 3360 id
940 3307 1146 3375 adgrauatae,
1170 3305 1397 3374 immolabantur,

251 3374 344 3430 dictae
362 3391 381 3429 a
397 3375 465 3429 fetu.
499 3377 533 3441 cf.
556 3375 637 3430 Ouid.
652 3375 731 3430 Fast.
750 3381 838 3442 1631.
911 3382 927 3429 9
947 3376 1104 3446 fraccbuut]
1119 3377 1193 3432 Fert.
1211 3377 1294 3434 Paul.
1310 3382 1396 3444 9011.

250 3445 415 3514 Fraccbunt,
429 3446 626 3515 displicebunt.
640 3447 719 3515 pluas.
736 3447 847 3502 Pbiloa.
862 3446 986 3516 Fraterc,
1003 3442 1175 3513 ἐξίστασθαι.
1236 3455 1268 3502 14
1282 3447 1396 3518 futauit]

251 3516 326 3571 Fest.
348 3516 431 3571 Paul.
456 3522 526 3584 89,3.
553 3517 656 3572 Futare
679 3533 795 3586 arguere
819 3519 863 3571 est
885 3521 914 3572 et
936 3518 1087 3574 confutare.
1121 3518 1170 3573 scd
1189 3519 1257 3574 Cato
1276 3520 1329 3574 boc
1347 3535 1397 3588 pro

253 3587 376 3656 ‘saepius
393 3587 489 3650 fuisse’
510 3586 612 3658 posuit.
640 3591 675 3655 cf.
694 3589 832 3643 Futauerc
847 3606 878 3657 p.
897 3593 940 3643 45.
1057 3589 1197 3660 refulsit]
1218 3590 1290 3645 Fest.
1313 3590 1395 3646 Paul.

251 3665 338 3728 saal.
371 3658 491 3728 Fulgere
513 3658 598 3727 prisci
621 3677 671 3729 pro
696 3659 802 3714 ‘ferire'
828 3659 971 3728 dicebant,
995 3659 1068 3715 unde
1095 3660 1188 3731 fulgus
1215 3660 1322 3716 dictum
1345 3663 1396 3716 cst.

251 3731 323 3786 Isid.
343 3736 439 3798 13,9‚1.
471 3729 578 3800 Fulgur
591 3732 620 3786 ct
638 3729 753 3799 fulmen,
771 3731 845 3785 ictus
864 3729 991 3786 caelestia
1012 3730 1111 3800 iaculi,
1130 3749 1148 3786 a
1166 3731 1291 3787 feriendo
1318 3731 1394 3787 dicti.

250 3800 358 3872 fulgere
373 3800 448 3856 enim
462 3801 544 3856 ferire
559 3803 602 3856 est
616 3819 649 3858 ac
662 3805 815 3872 percutere.
835 3803 870 3869 cf.
886 3802 984 3856 Maell.
1000 3804 1037 3858 ad
1055 3803 1129 3858 Fert.
1141 3804 1157 3858 l.
1173 3820 1194 3858 c.
1268 3809 1300 3858 17
1314 3803 1394 3874 tutis]

256 3872 337 3926 Varr.
364 3871 397 3928 L.
420 3871 564 3940 L.‘5,119.
605 3873 662 3928 Vas
690 3873 837 3944 aquarium
863 3876 965 3928 uocant
992 3873 1088 3942 futim,
1117 3874 1193 3943 qued
1217 3873 1247 3928 in
1273 3875 1395 3930 triclinio

251 3943 367 4000 allatam
392 3959 496 4012 aquam
523 3943 716 4000 infundebant.
753 3944 830 3998 Seru.
860 3946 929 4001 Aea.
954 3950 1058 4011 11,389.
1091 3946 1155 4001 Non
1177 3945 1267 4000 futilis
1291 3947 1396 4012 auctor,

249 4030 305 4070 non
322 4013 420 4070 inanis.
450 4031 514 4068 nam
528 4014 608 4068 futtis
628 4017 677 4083 (stc
691 4016 781 4082 Guelf.
798 4022 820 4070 1.
841 4016 913 4070 olias
929 4015 1029 4084 futilis)
1048 4032 1098 4071 uas
1117 4017 1257 4086 quoddam
1277 4019 1320 4072 est
1337 4017 1396 4072 lato

251 4102 312 4155 ore,
334 4085 421 4140 fraudo
444 4088 575 4154 angrrsto,
605 4103 660 4156 quo
689 4087 840 4141 utebantur
867 4086 896 4141 in
921 4087 1006 4141 sacris
1029 4086 1144 4157 Vestae,
1173 4087 1241 4157 quia
1263 4105 1338 4156 aqua
1360 4088 1396 4142 ad

250 4173 328 4282 11
342 4155 595 4299 stunc
612 4157 1395 4299 11111111

251 4298 444 4356 effimderetur.
463 4300 509 4354 lit.
523 4299 604 4369 ploos.
624 4271 674 4368 (r)i
693 4299 772 4354 Futis
790 4300 897 4355 dictum
916 4301 959 4355 est
977 4274 1119 4370 quoddam
1137 4317 1188 4356 uas
1206 4301 1236 4355 in
1254 4301 1396 4356 sacrificiis

250 4370 365 4424 deorum
405 4370 520 4437 coitum,
538 4370 606 4438 quia
626 4372 700 4425 stare
718 4387 774 4426 non
792 4372 917 4442 poterat,
937 4371 985 4426 scd
1004 4372 1100 4426 statim
1119 4389 1221 4441 aquam
1240 4371 1345 4428 alludit.

251 4447 284 4497 rs
302 4389 483 4513 staulinus.
504 4441 587 4496 Paul.
608 4447 676 4511 sap.
696 4441 770 4498 Fut.
790 4448 894 4512 arcae.
913 4442 987 4498 Noc.
1008 4449 1111 4512 mar.
