3208 5090
696 271 930 319 -xlv—

239 416 528 499 praescriptionem
544 419 576 479 et
595 415 831 480 breuiationcm
845 414 954 512 fuisse
966 417 1045 496 puto
1070 417 1102 477 et
1126 414 1288 495 librarios,
1312 435 1383 478 cunr
1499 481 1501 488 ,

236 527 348 586 notam
373 520 422 585 ‘de
446 520 578 606 glossis'
602 521 786 608 appositam
809 519 981 602 uidissent,
1010 542 1068 602 pro
1092 520 1153 583 hac
1176 520 1272 583 modo
1297 518 1383 582 ‘Vir-

233 628 319 712 pr‘lr'i'
349 629 443 692 modo
472 626 618 692 ‘Isidori'
647 627 739 711 quasi
763 626 928 690 doctrinae
952 648 1027 689 suae
1051 626 1263 690 ostentandae
1287 647 1383 690 causa
1510 619 1513 637 '

236 735 404 818 scripsisse
418 735 514 818 idque
530 733 658 816 saepius
672 732 765 796 falso.
793 733 840 796 sic
864 733 993 815 glossae
1008 732 1211 817 Virgilianae
1236 730 1384 812 ‘reseraret

236 841 406 922 reportare
435 840 551 905 ‘sarar
577 841 673 904 esaar
704 821 856 920 saetae
888 838 923 901 n
951 839 1023 902 uns
1053 839 1146 903 uuas
1175 837 1317 922 Virgilio
1347 841 1381 902 n

237 948 310 1012 aliis
326 947 457 1011 Placido
482 945 636 1029 adscripti
659 946 812 1028 legantur
836 948 868 1008 et
891 945 1062 1026 permultis
1086 945 1166 1010 locis
1190 943 1378 1010 isidorianis

236 1056 270 1118 in
293 1054 378 1118 libro
403 1055 587 1136 glossarum
610 1073 727 1115 nomen
751 1049 875 1114 Placidi
905 1053 1087 1133 appositum
1111 1053 1169 1114 est.
1216 1052 1254 1114 cf.
1279 1048 1381 1114 Closs

236 1160 275 1223 A.
298 1164 321 1223 t.
344 1158 392 1222 Vl
415 1182 445 1242 p.
469 1159 542 1223 564.
571 1159 688 1240 ironia,
716 1159 828 1239 ianua,
850 1157 1030 1239 ianuarias,
1053 1179 1082 1239 p.
1106 1156 1179 1220 567.
1202 1162 1333 1220 nautam
1355 1163 1383 1219 et

235 1267 394 1348 raedam,
417 1287 448 1350 p.
472 1265 546 1330 568.
569 1265 732 1330 oblectatur
755 1267 816 1328 etc.

325 1371 388 1436 Sed
415 1371 562 1456 quamuis
590 1371 695 1435 multa
721 1371 756 1434 in
784 1369 952 1453 glossariis
977 1369 1108 1433 Placido
1132 1369 1216 1433 falso
1241 1371 1307 1434 sint
1331 1393 1380 1434 as-

236 1479 378 1562 signata,
401 1482 512 1542 tamen
535 1476 691 1540 eiusmodi
710 1477 1003 1541 additamentorum
1020 1497 1172 1539 numerus
1195 1475 1299 1541 maior
1322 1481 1380 1560 est,

236 1607 332 1668 quam
360 1589 396 1649 ut
425 1607 444 1647 a
473 1583 617 1647 librariis
647 1583 757 1650 omnia
784 1571 919 1666 peccata
947 1603 1016 1644 esse
1040 1580 1218 1645 uideantur.
1256 1584 1381 1648 accedit

235 1690 320 1773 quod
351 1691 495 1754 Isidorus
523 1688 562 1752 D.
586 1688 625 1753 V.
649 1689 710 1771 99,
743 1691 806 1771 quo
838 1710 901 1752 unc
934 1687 1006 1752 loco
1040 1686 1206 1752 Placidum
1240 1690 1379 1754 dilucide

233 1795 393 1878 nominat,
416 1795 496 1859 haee
519 1796 664 1879 scripsit:
688 1794 846 1871 Placidus,
869 1794 1060 1878 conscribere,
1082 1795 1192 1878 ireqar't,
1215 1801 1260 1860 est
1280 1797 1380 1859 malta

232 1901 327 1966 simul
349 1902 483 1965 seribere.
521 1903 701 1982 exscribere,
723 1902 804 1982 qaod
836 1901 912 1964 alibi
943 1902 1092 1983 saraptam
1123 1903 1175 1984 ser,
1204 1901 1378 1982 transferre.

183 2095 184 2098 Ἴ
234 2007 458 2089 transscribere,
481 2028 577 2088 quara
590 2009 640 2070 ias
652 1990 792 2072 astam
806 2007 841 2070 r'rr
855 2007 954 2070 aliam
968 2009 1090 2071 transit.
1104 2009 1269 2072 insedere
1289 2027 1377 2074 acca-

232 2111 362 2180 saraba
371 2117 422 2176 est.
444 2113 592 2176 ascribere
601 2111 829 2194 assignationis.
851 2112 1014 2177 describere
1022 2114 1167 2178 diodonis
1180 2114 1229 2178 ael
1237 2114 1377 2178 ardicis.
1481 2150 1483 2154 ·
1573 2139 1575 2144 ·

192 2255 195 2266 ·
234 2241 306 2282 cum
329 2219 410 2282 haec
433 2219 535 2282 uerba
558 2239 595 2281 ex
620 2217 781 2301 Agroecio
806 2217 844 2280 de
868 2218 952 2282 arth.
976 2220 1073 2302 2243,
1094 2221 1123 2284 8.
1138 2219 1172 2284 P.
1189 2221 1378 2285 aduerbum

232 2346 335 2408 paene
374 2325 536 2408 descripta
573 2322 650 2406 sint,
687 2309 856 2388 Luctatius
894 2325 975 2389 alias
1020 2347 1146 2410 quoque
1183 2349 1234 2390 res
1272 2348 1398 2409 gram·-

232 2431 368 2496 maticas
387 2431 421 2493 in
439 2431 533 2494 libris
552 2433 710 2494 tractasse
722 2405 767 2493 'et
790 2452 880 2495 more
900 2431 1187 2513 grammaticorum
1210 2437 1247 2497 ut
1271 2433 1376 2518 Capri,

232 2537 399 2621 Agroecii,
423 2542 603 2600 ceterorum
626 2537 718 2600 uaria
740 2537 898 2620 quaedam
921 2537 959 2600 de
982 2539 1155 2602 uerborum
1177 2540 1375 2622 proprietate

164 2703 168 2709 ,
232 2665 270 2708 ac
302 2642 485 2706 differentia
522 2645 742 2726 comportasse
774 2643 911 2707 uidetur.
957 2666 1055 2728 quam
1087 2646 1305 2710 coniecturam
1337 2667 1374 2709 eo

232 2749 356 2814 firmari
390 2749 546 2834 arbitror,
579 2750 664 2833 quod
696 2748 871 2813 discrimen
907 2751 992 2815 inter
1024 2751 1146 2816 ‘bream
1177 2757 1207 2815 et
1236 2749 1374 2816 awinas'

232 2856 466 2940 glossariorum
492 2856 679 2920 testimonio
703 2856 835 2920 Placido
857 2857 1026 2940 proprium
1049 2858 1169 2922 eisdem
1192 2856 1301 2921 uerbis
1325 2878 1375 2938 ap.

233 2961 383 3026 Flauium
415 2961 453 3023 de
486 2961 571 3025 orth.
603 2962 705 3045 2243,
721 2963 749 3026 8.
779 2961 814 3026 P.
850 2963 1016 3028 inuenitur
1049 2964 1214 3047 seriptum.
1264 2985 1302 3025 cx
1335 2983 1373 3025 eo

231 3067 284 3130 uel
321 3065 421 3130 simili
453 3088 549 3151 opere
586 3068 743 3132 nonnulla
779 3069 814 3132 in
849 3068 970 3134 librum
1007 3070 1188 3152 glossarum
1224 3067 1374 3131 uidentur

231 3172 334 3238 ascita
358 3193 437 3235 esse.

786 3297 824 3361 V.

268 3499 271 3502 .
332 3451 387 3505 Ex
409 3449 535 3518 quibus
558 3449 756 3505 auctoribus
779 3447 938 3504 Placidus
961 3449 1090 3518 glossas
1112 3449 1274 3504 hauserit.

320 3599 399 3664 Inde
423 3599 508 3684 quod
531 3599 616 3664 inter
633 3597 758 3664 Placidi
782 3599 910 3682 glossas
934 3603 967 3662 et
989 3598 1079 3662 Festi
1102 3599 1255 3683 reliquias
1280 3621 1373 3684 quac·

230 3706 305 3770 dam
320 3706 548 3771 similitudines
563 3706 774 3788 intercedunt,
797 3726 851 3768 eas
867 3725 905 3768 ex
918 3705 1063 3788 pleniore
1085 3705 1182 3770 Festo
1207 3710 1373 3790 excerptas

230 3835 302 3878 esse
325 3811 537 3888 Muellerus
560 3813 726 3877 iudicauit.
762 3833 957 3896 quamquam
981 3815 1088 3876 autem
1097 3813 1229 3896 aliquot
1252 3813 1373 3896 glosse-

229 3924 320 3984 mata
343 3941 381 3983 ex
405 3919 521 4002 opibus
545 3919 653 3984 Verrii
680 3920 871 4004 deprompta
898 3919 967 3983 iure
994 3919 1144 3985 uidentur
1174 3941 1257 4002 esse,
1284 3919 1375 3984 uelut

231 4026 436 4107 ‘altriplr'cerra
451 4046 572 4110 ancras,
586 4027 679 4107 batos,
697 4027 871 4107 comariola,
894 4015 1051 4111 quereres,
1074 4027 1223 4103 damiam,
1245 4026 1374 4106 flaaare,

227 4133 400 4211 stubebant,
430 4133 562 4216 fratrea,
601 4131 794 4214 mesariam',
825 4136 935 4196 tamen
968 4131 1119 4197 Muelleri
1156 4131 1374 4196 coniecturam

229 4241 316 4302 recte
343 4239 527 4321 repudiauit
555 4238 810 4304 Ritschelius:
837 4261 914 4303 nam
943 4239 971 4302 si
999 4239 1070 4323 quis
1097 4243 1269 4321 utrumque
1293 4259 1374 4320 opus

234 4345 339 4409 obiter
362 4343 490 4408 tantum
513 4346 703 4429 inspexerit,
725 4346 812 4409 inter
826 4344 1009 4428 glossarum
1033 4349 1065 4410 et
1088 4345 1196 4428 copias
1220 4348 1253 4407 et
1276 4343 1375 4428 expli·
